  <div class='ocr_page' id='page_1' title='image "/cluster/home/n/w/nwhite01/storage/ocr_20150623/90-91/uva.x000827075/868.png"; bbox 0 0 3898 6260; ppageno 0'>
   <div class='ocr_carea' id='block_1_1' title="bbox 187 399 292 455">
    <p class='ocr_par' dir='ltr' id='par_1_1' title="bbox 187 399 292 455">
     <span class='ocr_line' id='line_1_1' title="bbox 187 399 292 455; baseline -0.019 -1"><span class='ocrx_word' id='word_1_1' title='bbox 187 399 292 455; x_wconf 67' lang='grc'><strong>615</strong></span> 
     </span>
    </p>
   </div>
   <div class='ocr_carea' id='block_1_2' title="bbox 1011 388 2526 454">
    <p class='ocr_par' dir='ltr' id='par_1_2' title="bbox 1011 388 2526 454">
     <span class='ocr_line' id='line_1_2' title="bbox 1011 388 2526 454; baseline 0.006 -10"><span class='ocrx_word' id='word_1_2' title='bbox 1011 389 1091 444; x_wconf 75' lang='grc' dir='ltr'>οε</span> <span class='ocrx_word' id='word_1_3' title='bbox 1132 388 1625 446; x_wconf 68' lang='lat' dir='ltr'><strong>TABERNACULO</strong></span> <span class='ocrx_word' id='word_1_4' title='bbox 1660 392 1744 446; x_wconf 78' lang='grc' dir='ltr'>ΕΤ</span> <span class='ocrx_word' id='word_1_5' title='bbox 1786 392 1971 448; x_wconf 67' lang='lat' dir='ltr'><strong>VASIS</strong></span> <span class='ocrx_word' id='word_1_6' title='bbox 2011 393 2183 451; x_wconf 73' lang='lat' dir='ltr'><strong>Ellis.</strong></span> <span class='ocrx_word' id='word_1_7' title='bbox 2226 427 2294 439; x_wconf 84' lang='lat'><strong>-—</strong></span> <span class='ocrx_word' id='word_1_8' title='bbox 2334 399 2455 454; x_wconf 62' lang='grc' dir='ltr'><strong>[ΑΒ.</strong></span> <span class='ocrx_word' id='word_1_9' title='bbox 2485 400 2526 453; x_wconf 71' lang='grc' dir='ltr'><strong>λ</strong></span> 
     </span>
    </p>
   </div>
   <div class='ocr_carea' id='block_1_3' title="bbox 3275 409 3367 465">
    <p class='ocr_par' dir='ltr' id='par_1_3' title="bbox 3275 409 3367 465">
     <span class='ocr_line' id='line_1_3' title="bbox 3275 409 3367 465; baseline -0.043 1"><span class='ocrx_word' id='word_1_10' title='bbox 3275 409 3367 465; x_wconf 65' lang='grc' dir='ltr'><strong>ΗΟ</strong></span> 
     </span>
    </p>
   </div>
   <div class='ocr_carea' id='block_1_4' title="bbox 187 503 3359 584">
    <p class='ocr_par' dir='ltr' id='par_1_4' title="bbox 187 503 3359 584">
     <span class='ocr_line' id='line_1_4' title="bbox 187 503 3359 584; baseline 0.003 -24"><span class='ocrx_word' id='word_1_11' title='bbox 187 508 338 573; x_wconf 58' lang='lat' dir='ltr'><strong>inps</strong></span> <span class='ocrx_word' id='word_1_12' title='bbox 367 510 655 564; x_wconf 85' lang='lat' dir='ltr'><strong>remaneat,</strong></span> <span class='ocrx_word' id='word_1_13' title='bbox 689 516 869 555; x_wconf 74' lang='lat' dir='ltr'><strong>rerum</strong></span> <span class='ocrx_word' id='word_1_14' title='bbox 900 517 1017 554; x_wconf 77' lang='lat' dir='ltr'><strong>mox</strong></span> <span class='ocrx_word' id='word_1_15' title='bbox 1042 515 1148 555; x_wconf 88' lang='lat' dir='ltr'><strong>uno</strong></span> <span class='ocrx_word' id='word_1_16' title='bbox 1171 504 1379 556; x_wconf 85' lang='lat' dir='ltr'><strong>sublato</strong></span> <span class='ocrx_word' id='word_1_17' title='bbox 1413 517 1566 570; x_wconf 85' lang='lat' dir='ltr'><strong>pane.</strong></span> <span class='ocrx_word' id='word_1_18' title='bbox 1599 503 1731 555; x_wconf 90' lang='lat' dir='ltr'><strong>alius</strong></span> <span class='ocrx_word' id='word_1_19' title='bbox 1761 509 1806 562; x_wconf 81' lang='grc' dir='ltr'><strong>Α</strong></span> <span class='ocrx_word' id='word_1_20' title='bbox 1838 511 2033 554; x_wconf 74' lang='lat' dir='ltr'><strong>aeterna</strong></span> <span class='ocrx_word' id='word_1_21' title='bbox 2060 506 2393 571; x_wconf 84' lang='lat' dir='ltr'><strong>promittitur,</strong></span> <span class='ocrx_word' id='word_1_22' title='bbox 2425 522 2486 561; x_wconf 87' lang='lat' dir='ltr'><strong>ea</strong></span> <span class='ocrx_word' id='word_1_23' title='bbox 2530 517 2704 562; x_wconf 84' lang='lat' dir='ltr'><strong>tamen</strong></span> <span class='ocrx_word' id='word_1_24' title='bbox 2735 512 3059 578; x_wconf 81' lang='lat' dir='ltr'><strong>conditione,</strong></span> <span class='ocrx_word' id='word_1_25' title='bbox 3092 526 3145 567; x_wconf 84' lang='lat' dir='ltr'><strong>nt</strong></span> <span class='ocrx_word' id='word_1_26' title='bbox 3175 534 3264 584; x_wconf 85' lang='lat' dir='ltr'><strong>per</strong></span> <span class='ocrx_word' id='word_1_27' title='bbox 3290 522 3359 573; x_wconf 77' lang='lat' dir='ltr'><strong>la-</strong></span> 
     </span>
    </p>
   </div>
   <div class='ocr_carea' id='block_1_5' title="bbox 190 590 1735 660">
    <p class='ocr_par' dir='ltr' id='par_1_5' title="bbox 190 590 1735 660">
     <span class='ocr_line' id='line_1_5' title="bbox 190 590 1735 660; baseline 0 -17"><span class='ocrx_word' id='word_1_28' title='bbox 190 595 304 645; x_wconf 81' lang='lat' dir='ltr'><strong>loco</strong></span> <span class='ocrx_word' id='word_1_29' title='bbox 330 594 446 660; x_wconf 81' lang='lat' dir='ltr'><strong>ejus</strong></span> <span class='ocrx_word' id='word_1_30' title='bbox 482 591 854 654; x_wconf 75' lang='lat' dir='ltr'><strong>substituatur,</strong></span> <span class='ocrx_word' id='word_1_31' title='bbox 891 590 1014 644; x_wconf 88' lang='lat' dir='ltr'><strong>dum</strong></span> <span class='ocrx_word' id='word_1_32' title='bbox 1047 591 1458 644; x_wconf 66' lang='lat' dir='ltr'><strong>succedentibus</strong></span> <span class='ocrx_word' id='word_1_33' title='bbox 1505 590 1609 643; x_wconf 89' lang='lat' dir='ltr'><strong>sibi</strong></span> <span class='ocrx_word' id='word_1_34' title='bbox 1645 606 1735 658; x_wconf 90' lang='lat' dir='ltr'><strong>per</strong></span> 
     </span>
    </p>
   </div>
   <div class='ocr_carea' id='block_1_6' title="bbox 183 678 1730 746">
    <p class='ocr_par' dir='ltr' id='par_1_6' title="bbox 183 678 1730 746">
     <span class='ocr_line' id='line_1_6' title="bbox 183 678 1730 746; baseline -0.001 -14"><span class='ocrx_word' id='word_1_35' title='bbox 183 681 430 733; x_wconf 86' lang='lat' dir='ltr'><strong>ordinem</strong></span> <span class='ocrx_word' id='word_1_36' title='bbox 461 679 716 733; x_wconf 82' lang='lat' dir='ltr'><strong>ministris</strong></span> <span class='ocrx_word' id='word_1_37' title='bbox 746 679 912 742; x_wconf 87' lang='lat' dir='ltr'><strong>verbi,</strong></span> <span class='ocrx_word' id='word_1_38' title='bbox 945 693 1208 746; x_wconf 77' lang='lat' dir='ltr'><strong>nunquam</strong></span> <span class='ocrx_word' id='word_1_39' title='bbox 1243 678 1496 732; x_wconf 70' lang='lat' dir='ltr'><strong>Ecclesiae</strong></span> <span class='ocrx_word' id='word_1_40' title='bbox 1522 679 1730 741; x_wconf 82' lang='lat' dir='ltr'><strong>desunt,</strong></span> 
     </span>
    </p>
   </div>
   <div class='ocr_carea' id='block_1_7' title="bbox 184 765 1730 837">
    <p class='ocr_par' dir='ltr' id='par_1_7' title="bbox 184 765 1730 837">
     <span class='ocr_line' id='line_1_7' title="bbox 184 765 1730 837; baseline 0.001 -18"><span class='ocrx_word' id='word_1_41' title='bbox 184 770 275 835; x_wconf 81' lang='lat' dir='ltr'><strong>qui</strong></span> <span class='ocrx_word' id='word_1_42' title='bbox 295 769 600 837; x_wconf 78' lang='lat' dir='ltr'><strong>apostolico,</strong></span> <span class='ocrx_word' id='word_1_43' title='bbox 625 769 735 822; x_wconf 88' lang='lat' dir='ltr'><strong>sive</strong></span> <span class='ocrx_word' id='word_1_44' title='bbox 759 766 911 820; x_wconf 75' lang='lat' dir='ltr'><strong>[idem</strong></span> <span class='ocrx_word' id='word_1_45' title='bbox 941 768 1169 836; x_wconf 88' lang='lat' dir='ltr'><strong>pietatis,</strong></span> <span class='ocrx_word' id='word_1_46' title='bbox 1195 783 1286 819; x_wconf 89' lang='lat' dir='ltr'><strong>seu</strong></span> <span class='ocrx_word' id='word_1_47' title='bbox 1311 765 1620 820; x_wconf 89' lang='lat' dir='ltr'><strong>munditiam</strong></span> <span class='ocrx_word' id='word_1_48' title='bbox 1641 781 1730 820; x_wconf 91' lang='lat' dir='ltr'><strong>ac-</strong></span> 
     </span>
    </p>
   </div>
   <div class='ocr_carea' id='block_1_8' title="bbox 184 855 1727 922">
    <p class='ocr_par' dir='ltr' id='par_1_8' title="bbox 184 855 1727 922">
     <span class='ocr_line' id='line_1_8' title="bbox 184 855 1727 922; baseline -0.001 -11"><span class='ocrx_word' id='word_1_49' title='bbox 184 859 362 920; x_wconf 78' lang='lat' dir='ltr'><strong>tionis,</strong></span> <span class='ocrx_word' id='word_1_50' title='bbox 389 855 628 912; x_wconf 82' lang='lat' dir='ltr'><strong>etverbis</strong></span> <span class='ocrx_word' id='word_1_51' title='bbox 649 856 930 909; x_wconf 89' lang='lat' dir='ltr'><strong>ostendant</strong></span> <span class='ocrx_word' id='word_1_52' title='bbox 953 868 1001 910; x_wconf 91' lang='lat' dir='ltr'><strong>et</strong></span> <span class='ocrx_word' id='word_1_53' title='bbox 1027 855 1178 909; x_wconf 80' lang='lat' dir='ltr'><strong>lactis</strong></span> <span class='ocrx_word' id='word_1_54' title='bbox 1205 874 1215 908; x_wconf 90' lang='lat'>:</span> <span class='ocrx_word' id='word_1_55' title='bbox 1243 870 1453 922; x_wconf 79' lang='lat' dir='ltr'><strong>semper</strong></span> <span class='ocrx_word' id='word_1_56' title='bbox 1483 864 1727 910; x_wconf 88' lang='lat' dir='ltr'><strong>manente</strong></span> 
     </span>
    </p>
   </div>
   <div class='ocr_carea' id='block_1_9' title="bbox 186 942 1730 1015">
    <p class='ocr_par' dir='ltr' id='par_1_9' title="bbox 186 942 1730 1015">
     <span class='ocr_line' id='line_1_9' title="bbox 186 942 1730 1015; baseline -0.001 -18"><span class='ocrx_word' id='word_1_57' title='bbox 186 947 540 1015; x_wconf 81' lang='lat' dir='ltr'><strong>pulcherrima</strong></span> <span class='ocrx_word' id='word_1_58' title='bbox 595 947 678 1000; x_wconf 88' lang='lat' dir='ltr'><strong>illa</strong></span> <span class='ocrx_word' id='word_1_59' title='bbox 732 949 1014 1008; x_wconf 87' lang='lat' dir='ltr'><strong>sententia,</strong></span> <span class='ocrx_word' id='word_1_60' title='bbox 1054 961 1154 1014; x_wconf 86' lang='lat' dir='ltr'><strong>qua</strong></span> <span class='ocrx_word' id='word_1_61' title='bbox 1207 942 1436 998; x_wconf 88' lang='lat' dir='ltr'><strong>inlande</strong></span> <span class='ocrx_word' id='word_1_62' title='bbox 1489 945 1730 1009; x_wconf 79' lang='lat' dir='ltr'><strong>ejusdem</strong></span> 
     </span>
    </p>
   </div>
   <div class='ocr_carea' id='block_1_10' title="bbox 184 1034 1727 1100">
    <p class='ocr_par' dir='ltr' id='par_1_10' title="bbox 184 1034 1727 1100">
     <span class='ocr_line' id='line_1_10' title="bbox 184 1034 1727 1100; baseline -0.004 -10"><span class='ocrx_word' id='word_1_63' title='bbox 184 1049 381 1090; x_wconf 68' lang='lat' dir='ltr'><strong>sancta:</strong></span> <span class='ocrx_word' id='word_1_64' title='bbox 412 1038 659 1090; x_wconf 74' lang='lat' dir='ltr'><strong>Ecclesia:</strong></span> <span class='ocrx_word' id='word_1_65' title='bbox 686 1035 872 1088; x_wconf 81' lang='lat' dir='ltr'><strong>dicitur</strong></span> <span class='ocrx_word' id='word_1_66' title='bbox 905 1051 917 1085; x_wconf 90' lang='lat'>:</span> <span class='ocrx_word' id='word_1_67' title='bbox 955 1034 1052 1085; x_wconf 83' lang='lat' dir='ltr'><strong>Pro</strong></span> <span class='ocrx_word' id='word_1_68' title='bbox 1084 1035 1306 1100; x_wconf 76' lang='lat' dir='ltr'><strong>patribus</strong></span> <span class='ocrx_word' id='word_1_69' title='bbox 1354 1038 1448 1085; x_wconf 80' lang='lat' dir='ltr'><strong>tuis</strong></span> <span class='ocrx_word' id='word_1_70' title='bbox 1480 1035 1584 1085; x_wconf 80' lang='lat' dir='ltr'><strong>nati</strong></span> <span class='ocrx_word' id='word_1_71' title='bbox 1614 1041 1727 1084; x_wconf 80' lang='lat' dir='ltr'><strong>sunt</strong></span> 
     </span>
    </p>
   </div>
   <div class='ocr_carea' id='block_1_11' title="bbox 183 1123 1726 1192">
    <p class='ocr_par' dir='ltr' id='par_1_11' title="bbox 183 1123 1726 1192">
     <span class='ocr_line' id='line_1_11' title="bbox 183 1123 1726 1192; baseline -0.003 -15"><span class='ocrx_word' id='word_1_72' title='bbox 183 1126 412 1192; x_wconf 64' lang='lat' dir='ltr'><strong>tibiﬁlii,</strong></span> <span class='ocrx_word' id='word_1_73' title='bbox 441 1126 708 1177; x_wconf 73' lang='lat' dir='ltr'><strong>constitues</strong></span> <span class='ocrx_word' id='word_1_74' title='bbox 737 1140 818 1176; x_wconf 86' lang='lat' dir='ltr'><strong>eos</strong></span> <span class='ocrx_word' id='word_1_75' title='bbox 847 1123 1095 1190; x_wconf 80' lang='lat' dir='ltr'><strong>principes</strong></span> <span class='ocrx_word' id='word_1_76' title='bbox 1126 1139 1270 1191; x_wconf 81' lang='lat' dir='ltr'><strong>super</strong></span> <span class='ocrx_word' id='word_1_77' title='bbox 1317 1139 1512 1174; x_wconf 85' lang='lat' dir='ltr'><strong>omnem</strong></span> <span class='ocrx_word' id='word_1_78' title='bbox 1539 1132 1726 1173; x_wconf 77' lang='lat' dir='ltr'><strong>terram</strong></span> 
     </span>
    </p>
   </div>
   <div class='ocr_carea' id='block_1_12' title="bbox 182 1213 1725 1284">
    <p class='ocr_par' dir='ltr' id='par_1_12' title="bbox 182 1213 1725 1284">
     <span class='ocr_line' id='line_1_12' title="bbox 182 1213 1725 1284; baseline 0 -18"><span class='ocrx_word' id='word_1_79' title='bbox 182 1215 406 1284; x_wconf 80' lang='lat' dir='ltr'><strong>(l&#39;salm.</strong></span> <span class='ocrx_word' id='word_1_80' title='bbox 439 1214 602 1281; x_wconf 77' lang='lat' dir='ltr'><strong>sLIv),</strong></span> <span class='ocrx_word' id='word_1_81' title='bbox 634 1213 782 1282; x_wconf 90' lang='lat' dir='ltr'><strong>quasi</strong></span> <span class='ocrx_word' id='word_1_82' title='bbox 815 1213 931 1266; x_wconf 87' lang='lat' dir='ltr'><strong>aliis</strong></span> <span class='ocrx_word' id='word_1_83' title='bbox 953 1213 1126 1266; x_wconf 79' lang='lat' dir='ltr'><strong>verbis</strong></span> <span class='ocrx_word' id='word_1_84' title='bbox 1155 1214 1487 1266; x_wconf 82' lang='lat' dir='ltr'><strong>tabernaculo</strong></span> <span class='ocrx_word' id='word_1_85' title='bbox 1522 1213 1725 1266; x_wconf 78' lang='lat' dir='ltr'><strong>Domini</strong></span> 
     </span>
    </p>
   </div>
   <div class='ocr_carea' id='block_1_13' title="bbox 183 1302 1724 1369">
    <p class='ocr_par' dir='ltr' id='par_1_13' title="bbox 183 1302 1724 1369">
     <span class='ocr_line' id='line_1_13' title="bbox 183 1302 1724 1369; baseline -0.001 -12"><span class='ocrx_word' id='word_1_86' title='bbox 183 1306 454 1359; x_wconf 77' lang='lat' dir='ltr'><strong>diceretur</strong></span> <span class='ocrx_word' id='word_1_87' title='bbox 487 1320 500 1357; x_wconf 88' lang='lat'><strong>:</strong></span> <span class='ocrx_word' id='word_1_88' title='bbox 527 1303 631 1356; x_wconf 79' lang='lat' dir='ltr'><strong>l’ro</strong></span> <span class='ocrx_word' id='word_1_89' title='bbox 661 1302 883 1369; x_wconf 88' lang='lat' dir='ltr'><strong>panibus</strong></span> <span class='ocrx_word' id='word_1_90' title='bbox 908 1303 1007 1354; x_wconf 89' lang='lat' dir='ltr'><strong>tuis</strong></span> <span class='ocrx_word' id='word_1_91' title='bbox 1037 1305 1260 1355; x_wconf 89' lang='lat' dir='ltr'><strong>vetustis</strong></span> <span class='ocrx_word' id='word_1_92' title='bbox 1284 1303 1444 1367; x_wconf 89' lang='lat' dir='ltr'><strong>parati</strong></span> <span class='ocrx_word' id='word_1_93' title='bbox 1485 1313 1604 1354; x_wconf 89' lang='lat' dir='ltr'><strong>sunt</strong></span> <span class='ocrx_word' id='word_1_94' title='bbox 1633 1305 1724 1356; x_wconf 90' lang='lat' dir='ltr'><strong>tibi</strong></span> 
     </span>
    </p>
   </div>
   <div class='ocr_carea' id='block_1_14' title="bbox 185 1391 1726 1458">
    <p class='ocr_par' dir='ltr' id='par_1_14' title="bbox 185 1391 1726 1458">
     <span class='ocr_line' id='line_1_14' title="bbox 185 1391 1726 1458; baseline -0.002 -11"><span class='ocrx_word' id='word_1_95' title='bbox 185 1396 329 1455; x_wconf 81' lang='lat' dir='ltr'><strong>novi,</strong></span> <span class='ocrx_word' id='word_1_96' title='bbox 353 1395 639 1448; x_wconf 82' lang='lat' dir='ltr'><strong>constitues</strong></span> <span class='ocrx_word' id='word_1_97' title='bbox 666 1408 759 1446; x_wconf 76' lang='lat' dir='ltr'><strong>eos</strong></span> <span class='ocrx_word' id='word_1_98' title='bbox 784 1395 834 1445; x_wconf 92' lang='lat' dir='ltr'><strong>in</strong></span> <span class='ocrx_word' id='word_1_99' title='bbox 856 1391 1190 1445; x_wconf 76' lang='lat' dir='ltr'><strong>releCtionem</strong></span> <span class='ocrx_word' id='word_1_100' title='bbox 1216 1393 1450 1446; x_wconf 87' lang='lat' dir='ltr'><strong>eordium</strong></span> <span class='ocrx_word' id='word_1_101' title='bbox 1481 1393 1726 1458; x_wconf 82' lang='lat' dir='ltr'><strong>spiritua—</strong></span> 
     </span>
    </p>
   </div>
   <div class='ocr_carea' id='block_1_15' title="bbox 184 1483 1724 1550">
    <p class='ocr_par' dir='ltr' id='par_1_15' title="bbox 184 1483 1724 1550">
     <span class='ocr_line' id='line_1_15' title="bbox 184 1483 1724 1550; baseline -0.001 -14"><span class='ocrx_word' id='word_1_102' title='bbox 184 1485 312 1538; x_wconf 84' lang='lat' dir='ltr'><strong>lium</strong></span> <span class='ocrx_word' id='word_1_103' title='bbox 344 1485 590 1538; x_wconf 77' lang='lat' dir='ltr'><strong>ﬁdelibus</strong></span> <span class='ocrx_word' id='word_1_104' title='bbox 650 1491 758 1535; x_wconf 89' lang='lat' dir='ltr'><strong>toto</strong></span> <span class='ocrx_word' id='word_1_105' title='bbox 791 1483 918 1535; x_wconf 89' lang='lat' dir='ltr'><strong>orbe</strong></span> <span class='ocrx_word' id='word_1_106' title='bbox 966 1493 1246 1534; x_wconf 86' lang='lat' dir='ltr'><strong>tetrarum.</strong></span> <span class='ocrx_word' id='word_1_107' title='bbox 1276 1483 1439 1535; x_wconf 79' lang='lat' dir='ltr'><strong>Panes</strong></span> <span class='ocrx_word' id='word_1_108' title='bbox 1469 1496 1595 1550; x_wconf 83' lang='lat' dir='ltr'><strong>ergo</strong></span> <span class='ocrx_word' id='word_1_109' title='bbox 1629 1497 1724 1549; x_wconf 88' lang='lat' dir='ltr'><strong>pro</strong></span> 
     </span>
    </p>
   </div>
   <div class='ocr_carea' id='block_1_16' title="bbox 177 1573 1721 1644">
    <p class='ocr_par' dir='ltr' id='par_1_16' title="bbox 177 1573 1721 1644">
     <span class='ocr_line' id='line_1_16' title="bbox 177 1573 1721 1644; baseline -0.001 -18"><span class='ocrx_word' id='word_1_110' title='bbox 177 1577 405 1644; x_wconf 88' lang='lat' dir='ltr'><strong>panibus</strong></span> <span class='ocrx_word' id='word_1_111' title='bbox 434 1574 789 1638; x_wconf 80' lang='lat' dir='ltr'><strong>mutabantur,</strong></span> <span class='ocrx_word' id='word_1_112' title='bbox 817 1586 994 1625; x_wconf 82' lang='lat' dir='ltr'><strong>mensa</strong></span> <span class='ocrx_word' id='word_1_113' title='bbox 1027 1585 1196 1624; x_wconf 87' lang='lat' dir='ltr'><strong>autem</strong></span> <span class='ocrx_word' id='word_1_114' title='bbox 1229 1587 1438 1639; x_wconf 80' lang='lat' dir='ltr'><strong>semper</strong></span> <span class='ocrx_word' id='word_1_115' title='bbox 1461 1574 1642 1625; x_wconf 87' lang='lat' dir='ltr'><strong>eadem</strong></span> <span class='ocrx_word' id='word_1_116' title='bbox 1673 1573 1721 1624; x_wconf 93' lang='lat' dir='ltr'><strong>in</strong></span> 
     </span>
    </p>
   </div>
   <div class='ocr_carea' id='block_1_17' title="bbox 179 1663 1722 1731">
    <p class='ocr_par' dir='ltr' id='par_1_17' title="bbox 179 1663 1722 1731">
     <span class='ocr_line' id='line_1_17' title="bbox 179 1663 1722 1731; baseline 0 -15"><span class='ocrx_word' id='word_1_117' title='bbox 179 1663 518 1718; x_wconf 81' lang='lat' dir='ltr'><strong>tabernaculo</strong></span> <span class='ocrx_word' id='word_1_118' title='bbox 548 1665 737 1726; x_wconf 85' lang='lat' dir='ltr'><strong>stabat,</strong></span> <span class='ocrx_word' id='word_1_119' title='bbox 767 1664 882 1731; x_wconf 82' lang='lat' dir='ltr'><strong>quia</strong></span> <span class='ocrx_word' id='word_1_120' title='bbox 929 1664 1119 1716; x_wconf 88' lang='lat' dir='ltr'><strong>abeunt</strong></span> <span class='ocrx_word' id='word_1_121' title='bbox 1148 1673 1201 1717; x_wconf 90' lang='lat' dir='ltr'><strong>et</strong></span> <span class='ocrx_word' id='word_1_122' title='bbox 1234 1669 1451 1715; x_wconf 81' lang='lat' dir='ltr'><strong>veniunt</strong></span> <span class='ocrx_word' id='word_1_123' title='bbox 1477 1664 1722 1717; x_wconf 88' lang='lat' dir='ltr'><strong>doctores</strong></span> 
     </span>
    </p>
   </div>
   <div class='ocr_carea' id='block_1_18' title="bbox 177 1753 1722 1821">
    <p class='ocr_par' dir='ltr' id='par_1_18' title="bbox 177 1753 1722 1821">
     <span class='ocr_line' id='line_1_18' title="bbox 177 1753 1722 1821; baseline 0.001 -16"><span class='ocrx_word' id='word_1_124' title='bbox 177 1753 348 1818; x_wconf 86' lang='lat' dir='ltr'><strong>verbi,</strong></span> <span class='ocrx_word' id='word_1_125' title='bbox 379 1753 601 1821; x_wconf 79' lang='lat' dir='ltr'><strong>aliisque</strong></span> <span class='ocrx_word' id='word_1_126' title='bbox 628 1753 933 1806; x_wconf 83' lang='lat' dir='ltr'><strong>cedentibus</strong></span> <span class='ocrx_word' id='word_1_127' title='bbox 980 1753 1265 1805; x_wconf 87' lang='lat' dir='ltr'><strong>succedunt</strong></span> <span class='ocrx_word' id='word_1_128' title='bbox 1313 1768 1408 1806; x_wconf 80' lang='lat' dir='ltr'><strong>Suo</strong></span> <span class='ocrx_word' id='word_1_129' title='bbox 1454 1753 1504 1805; x_wconf 93' lang='lat' dir='ltr'><strong>in</strong></span> <span class='ocrx_word' id='word_1_130' title='bbox 1536 1754 1722 1806; x_wconf 88' lang='lat' dir='ltr'><strong>ordine</strong></span> 
     </span>
    </p>
   </div>
   <div class='ocr_carea' id='block_1_19' title="bbox 1836 590 3367 670">
    <p class='ocr_par' dir='ltr' id='par_1_19' title="bbox 1836 590 3367 670">
     <span class='ocr_line' id='line_1_19' title="bbox 1836 590 3367 670; baseline 0.012 -29"><span class='ocrx_word' id='word_1_131' title='bbox 1836 590 1989 644; x_wconf 84' lang='lat' dir='ltr'><strong>bores</strong></span> <span class='ocrx_word' id='word_1_132' title='bbox 2009 601 2064 646; x_wconf 90' lang='lat' dir='ltr'><strong>et</strong></span> <span class='ocrx_word' id='word_1_133' title='bbox 2088 608 2250 662; x_wconf 89' lang='lat' dir='ltr'><strong>opera</strong></span> <span class='ocrx_word' id='word_1_134' title='bbox 2280 593 2410 648; x_wconf 88' lang='lat' dir='ltr'><strong>bona</strong></span> <span class='ocrx_word' id='word_1_135' title='bbox 2431 597 2548 650; x_wconf 74' lang='lat' dir='ltr'><strong>vita:</strong></span> <span class='ocrx_word' id='word_1_136' title='bbox 2565 600 2868 665; x_wconf 70' lang='lat' dir='ltr'><strong>temporalis</strong></span> <span class='ocrx_word' id='word_1_137' title='bbox 2884 602 2947 654; x_wconf 84' lang='lat' dir='ltr'><strong>ad</strong></span> <span class='ocrx_word' id='word_1_138' title='bbox 2971 618 3085 655; x_wconf 90' lang='lat' dir='ltr'><strong>eam</strong></span> <span class='ocrx_word' id='word_1_139' title='bbox 3105 606 3367 670; x_wconf 79' lang='lat' dir='ltr'><strong>pertinere</strong></span> 
     </span>
    </p>
   </div>
   <div class='ocr_carea' id='block_1_20' title="bbox 1831 680 3370 757">
    <p class='ocr_par' dir='ltr' id='par_1_20' title="bbox 1831 680 3370 757">
     <span class='ocr_line' id='line_1_20' title="bbox 1831 680 3370 757; baseline 0.01 -24"><span class='ocrx_word' id='word_1_140' title='bbox 1831 680 2134 736; x_wconf 84' lang='lat' dir='ltr'><strong>debeamus.</strong></span> <span class='ocrx_word' id='word_1_141' title='bbox 2164 684 2272 749; x_wconf 85' lang='lat' dir='ltr'><strong>Qua</strong></span> <span class='ocrx_word' id='word_1_142' title='bbox 2304 695 2479 740; x_wconf 87' lang='lat' dir='ltr'><strong>autem</strong></span> <span class='ocrx_word' id='word_1_143' title='bbox 2505 688 2705 740; x_wconf 84' lang='lat' dir='ltr'><strong>ratione</strong></span> <span class='ocrx_word' id='word_1_144' title='bbox 2735 688 2831 741; x_wconf 90' lang='lat' dir='ltr'><strong>hoc</strong></span> <span class='ocrx_word' id='word_1_145' title='bbox 2861 691 2998 757; x_wconf 91' lang='lat' dir='ltr'><strong>quod</strong></span> <span class='ocrx_word' id='word_1_146' title='bbox 3030 707 3264 747; x_wconf 81' lang='lat' dir='ltr'><strong>summus</strong></span> <span class='ocrx_word' id='word_1_147' title='bbox 3282 711 3370 749; x_wconf 86' lang='lat' dir='ltr'><strong>sa-</strong></span> 
     </span>
    </p>
   </div>
   <div class='ocr_carea' id='block_1_21' title="bbox 1831 768 3355 852">
    <p class='ocr_par' dir='ltr' id='par_1_21' title="bbox 1831 768 3355 852">
     <span class='ocr_line' id='line_1_21' title="bbox 1831 768 3355 852; baseline 0.01 -30"><span class='ocrx_word' id='word_1_148' title='bbox 1831 773 2018 824; x_wconf 61' lang='lat' dir='ltr'><strong>cerdo&lt;</strong></span> <span class='ocrx_word' id='word_1_149' title='bbox 2043 782 2096 826; x_wconf 91' lang='lat' dir='ltr'><strong>et</strong></span> <span class='ocrx_word' id='word_1_150' title='bbox 2124 774 2212 826; x_wconf 85' lang='lat' dir='ltr'><strong>lilii</strong></span> <span class='ocrx_word' id='word_1_151' title='bbox 2237 775 2349 842; x_wconf 88' lang='lat' dir='ltr'><strong>ejus</strong></span> <span class='ocrx_word' id='word_1_152' title='bbox 2381 792 2539 842; x_wconf 85' lang='lat' dir='ltr'><strong>panes</strong></span> <span class='ocrx_word' id='word_1_153' title='bbox 2580 780 2950 845; x_wconf 82' lang='lat' dir='ltr'><strong>propositionis</strong></span> <span class='ocrx_word' id='word_1_154' title='bbox 2993 768 3355 852; x_wconf 62' lang='lat' dir='ltr'><strong>comedebat”,</strong></span> 
     </span>
    </p>
   </div>
   <div class='ocr_carea' id='block_1_22' title="bbox 1831 861 3362 944">
    <p class='ocr_par' dir='ltr' id='par_1_22' title="bbox 1831 861 3362 944">
     <span class='ocr_line' id='line_1_22' title="bbox 1831 861 3362 944; baseline 0.007 -29"><span class='ocrx_word' id='word_1_155' title='bbox 1831 861 1893 915; x_wconf 87' lang='lat' dir='ltr'><strong>ad</strong></span> <span class='ocrx_word' id='word_1_156' title='bbox 1919 863 2204 929; x_wconf 65' lang='lat' dir='ltr'><strong>ingressum</strong></span> <span class='ocrx_word' id='word_1_157' title='bbox 2237 867 2355 919; x_wconf 82' lang='lat' dir='ltr'><strong>vita:</strong></span> <span class='ocrx_word' id='word_1_158' title='bbox 2384 869 2611 922; x_wconf 77' lang='lat' dir='ltr'><strong>etelestis</strong></span> <span class='ocrx_word' id='word_1_159' title='bbox 2651 871 2927 938; x_wconf 80' lang='lat' dir='ltr'><strong>pertineat,</strong></span> <span class='ocrx_word' id='word_1_160' title='bbox 2956 872 3010 925; x_wconf 80' lang='lat' dir='ltr'><strong>in</strong></span> <span class='ocrx_word' id='word_1_161' title='bbox 3037 877 3362 944; x_wconf 62' lang='lat' dir='ltr'><strong>expositimu:</strong></span> 
     </span>
    </p>
   </div>
   <div class='ocr_carea' id='block_1_23' title="bbox 1831 953 3353 1031">
    <p class='ocr_par' dir='ltr' id='par_1_23' title="bbox 1831 953 3353 1031">
     <span class='ocr_line' id='line_1_23' title="bbox 1831 953 3353 1031; baseline 0.011 -31"><span class='ocrx_word' id='word_1_162' title='bbox 1831 953 2068 1005; x_wconf 77' lang='lat' dir='ltr'><strong>versiculi</strong></span> <span class='ocrx_word' id='word_1_163' title='bbox 2093 957 2356 1021; x_wconf 56' lang='lat' dir='ltr'><strong>sequentis</strong></span> <span class='ocrx_word' id='word_1_164' title='bbox 2387 956 2556 1021; x_wconf 83' lang='lat' dir='ltr'><strong>aptius</strong></span> <span class='ocrx_word' id='word_1_165' title='bbox 2583 973 2677 1009; x_wconf 85' lang='lat' dir='ltr'><strong>suo</strong></span> <span class='ocrx_word' id='word_1_166' title='bbox 2706 959 2819 1011; x_wconf 89' lang='lat' dir='ltr'><strong>loco</strong></span> <span class='ocrx_word' id='word_1_167' title='bbox 2840 961 3056 1013; x_wconf 81' lang='lat' dir='ltr'><strong>dicetur.</strong></span> <span class='ocrx_word' id='word_1_168' title='bbox 3088 963 3353 1031; x_wconf 83' lang='lat' dir='ltr'><strong>Suscipie-</strong></span> 
     </span>
    </p>
   </div>
   <div class='ocr_carea' id='block_1_24' title="bbox 1831 1040 3363 1118">
    <p class='ocr_par' dir='ltr' id='par_1_24' title="bbox 1831 1040 3363 1118">
     <span class='ocr_line' id='line_1_24' title="bbox 1831 1040 3363 1118; baseline 0.01 -27"><span class='ocrx_word' id='word_1_169' title='bbox 1831 1040 2016 1092; x_wconf 85' lang='lat' dir='ltr'><strong>bantur</strong></span> <span class='ocrx_word' id='word_1_170' title='bbox 2032 1053 2203 1094; x_wconf 85' lang='lat' dir='ltr'><strong>autem</strong></span> <span class='ocrx_word' id='word_1_171' title='bbox 2231 1059 2388 1107; x_wconf 78' lang='lat' dir='ltr'><strong>panes</strong></span> <span class='ocrx_word' id='word_1_172' title='bbox 2414 1045 2568 1097; x_wconf 88' lang='lat' dir='ltr'><strong>iidem</strong></span> <span class='ocrx_word' id='word_1_173' title='bbox 2591 1061 2619 1098; x_wconf 90' lang='lat' dir='ltr'><strong>a</strong></span> <span class='ocrx_word' id='word_1_174' title='bbox 2641 1046 2756 1100; x_wconf 78' lang='lat' dir='ltr'><strong>(iliis</strong></span> <span class='ocrx_word' id='word_1_175' title='bbox 2799 1049 2972 1112; x_wconf 80' lang='lat' dir='ltr'><strong>lsreel,</strong></span> <span class='ocrx_word' id='word_1_176' title='bbox 2993 1051 3111 1118; x_wconf 66' lang='lat' dir='ltr'><strong>quia</strong></span> <span class='ocrx_word' id='word_1_177' title='bbox 3141 1052 3203 1105; x_wconf 91' lang='lat' dir='ltr'><strong>de</strong></span> <span class='ocrx_word' id='word_1_178' title='bbox 3229 1064 3363 1107; x_wconf 80' lang='lat' dir='ltr'><strong>cu&#39;tu</strong></span> 
     </span>
    </p>
   </div>
   <div class='ocr_carea' id='block_1_25' title="bbox 1828 1130 3356 1204">
    <p class='ocr_par' dir='ltr' id='par_1_25' title="bbox 1828 1130 3356 1204">
     <span class='ocr_line' id='line_1_25' title="bbox 1828 1130 3356 1204; baseline 0.017 -23"><span class='ocrx_word' id='word_1_179' title='bbox 1828 1130 2173 1197; x_wconf 79' lang='lat' dir='ltr'><strong>Spiritualiutn</strong></span> <span class='ocrx_word' id='word_1_180' title='bbox 2212 1132 2298 1185; x_wconf 85' lang='lat' dir='ltr'><strong>Dei</strong></span> <span class='ocrx_word' id='word_1_181' title='bbox 2330 1135 2777 1204; x_wconf 71' lang='lat' dir='ltr'><strong>famulorumeligi</strong></span> <span class='ocrx_word' id='word_1_182' title='bbox 2831 1147 2988 1203; x_wconf 79' lang='lat' dir='ltr'><strong>atque</strong></span> <span class='ocrx_word' id='word_1_183' title='bbox 3012 1139 3356 1194; x_wconf 60' lang='lat' dir='ltr'><strong>&quot;Tdiltafiae‘</strong></span> 
     </span>
    </p>
   </div>
   <div class='ocr_carea' id='block_1_26' title="bbox 1829 1222 3355 1288">
    <p class='ocr_par' dir='ltr' id='par_1_26' title="bbox 1829 1222 3355 1288">
     <span class='ocr_line' id='line_1_26' title="bbox 1829 1222 3355 1288; baseline 0.005 -14"><span class='ocrx_word' id='word_1_184' title='bbox 1829 1222 1969 1287; x_wconf 88' lang='lat' dir='ltr'><strong>bent,</strong></span> <span class='ocrx_word' id='word_1_185' title='bbox 2021 1225 2104 1288; x_wconf 88' lang='lat' dir='ltr'><strong>qui</strong></span> <span class='ocrx_word' id='word_1_186' title='bbox 2152 1224 2366 1287; x_wconf 74' lang='lat' dir='ltr'><strong>gradum</strong></span> <span class='ocrx_word' id='word_1_187' title='bbox 2416 1225 2689 1276; x_wconf 90' lang='lat' dir='ltr'><strong>sacerdotii</strong></span> <span class='ocrx_word' id='word_1_188' title='bbox 2715 1227 2794 1278; x_wconf 87' lang='lat' dir='ltr'><strong>vel</strong></span> <span class='ocrx_word' id='word_1_189' title='bbox 2835 1228 3088 1282; x_wconf 70' lang='lat' dir='ltr'><strong>doctrina:</strong></span> <span class='ocrx_word' id='word_1_190' title='bbox 3117 1230 3355 1283; x_wconf 84' lang='lat' dir='ltr'><strong>subeant.</strong></span> 
     </span>
    </p>
   </div>
   <div class='ocr_carea' id='block_1_27' title="bbox 1826 1313 3362 1386">
    <p class='ocr_par' dir='ltr' id='par_1_27' title="bbox 1826 1313 3362 1386">
     <span class='ocr_line' id='line_1_27' title="bbox 1826 1313 3362 1386; baseline 0.007 -23"><span class='ocrx_word' id='word_1_191' title='bbox 1826 1313 2076 1380; x_wconf 80' lang='lat' dir='ltr'><strong>Quodque</strong></span> <span class='ocrx_word' id='word_1_192' title='bbox 2103 1314 2152 1366; x_wconf 88' lang='lat' dir='ltr'><strong>in</strong></span> <span class='ocrx_word' id='word_1_193' title='bbox 2175 1315 2511 1368; x_wconf 88' lang='lat' dir='ltr'><strong>conclusione</strong></span> <span class='ocrx_word' id='word_1_194' title='bbox 2540 1315 2887 1383; x_wconf 81' lang='lat' dir='ltr'><strong>subjuugitur,</strong></span> <span class='ocrx_word' id='word_1_195' title='bbox 2917 1316 3174 1386; x_wconf 79' lang='lat' dir='ltr'><strong>Erantque</strong></span> <span class='ocrx_word' id='word_1_196' title='bbox 3197 1322 3362 1373; x_wconf 74' lang='lat' dir='ltr'><strong>Aaron</strong></span> 
     </span>
    </p>
   </div>
   <div class='ocr_carea' id='block_1_28' title="bbox 1823 1404 3360 1478">
    <p class='ocr_par' dir='ltr' id='par_1_28' title="bbox 1823 1404 3360 1478">
     <span class='ocr_line' id='line_1_28' title="bbox 1823 1404 3360 1478; baseline 0.004 -22"><span class='ocrx_word' id='word_1_197' title='bbox 1823 1414 1869 1456; x_wconf 88' lang='lat' dir='ltr'><strong>el</strong></span> <span class='ocrx_word' id='word_1_198' title='bbox 1892 1404 2112 1469; x_wconf 85' lang='lat' dir='ltr'><strong>ﬁliorum</strong></span> <span class='ocrx_word' id='word_1_199' title='bbox 2135 1407 2262 1474; x_wconf 72' lang='lat' dir='ltr'><strong>ejus,</strong></span> <span class='ocrx_word' id='word_1_200' title='bbox 2291 1404 2490 1459; x_wconf 90' lang='lat' dir='ltr'><strong>duobus</strong></span> <span class='ocrx_word' id='word_1_201' title='bbox 2541 1407 2709 1459; x_wconf 87' lang='lat' dir='ltr'><strong>modis</strong></span> <span class='ocrx_word' id='word_1_202' title='bbox 2735 1407 2896 1474; x_wconf 85' lang='lat' dir='ltr'><strong>accipi</strong></span> <span class='ocrx_word' id='word_1_203' title='bbox 2940 1423 3031 1474; x_wconf 82' lang='lat' dir='ltr'><strong>per</strong></span> <span class='ocrx_word' id='word_1_204' title='bbox 3060 1411 3360 1478; x_wconf 76' lang='lat' dir='ltr'><strong>mysterium</strong></span> 
     </span>
    </p>
   </div>
   <div class='ocr_carea' id='block_1_29' title="bbox 1825 1493 3362 1566">
    <p class='ocr_par' dir='ltr' id='par_1_29' title="bbox 1825 1493 3362 1566">
     <span class='ocr_line' id='line_1_29' title="bbox 1825 1493 3362 1566; baseline 0.006 -21"><span class='ocrx_word' id='word_1_205' title='bbox 1825 1502 2013 1562; x_wconf 55' lang='lat' dir='ltr'><strong>pon&#39;st.</strong></span> <span class='ocrx_word' id='word_1_206' title='bbox 2044 1493 2283 1548; x_wconf 88' lang='lat' dir='ltr'><strong>Comcdit</strong></span> <span class='ocrx_word' id='word_1_207' title='bbox 2309 1511 2533 1561; x_wconf 83' lang='lat' dir='ltr'><strong>namque</strong></span> <span class='ocrx_word' id='word_1_208' title='bbox 2563 1501 2730 1550; x_wconf 81' lang='lat' dir='ltr'><strong>Aaron</strong></span> <span class='ocrx_word' id='word_1_209' title='bbox 2764 1512 2880 1549; x_wconf 91' lang='lat' dir='ltr'><strong>cum</strong></span> <span class='ocrx_word' id='word_1_210' title='bbox 2912 1497 3031 1549; x_wconf 76' lang='lat' dir='ltr'><strong>filiis</strong></span> <span class='ocrx_word' id='word_1_211' title='bbox 3063 1500 3168 1550; x_wconf 91' lang='lat' dir='ltr'><strong>suis</strong></span> <span class='ocrx_word' id='word_1_212' title='bbox 3203 1515 3362 1566; x_wconf 86' lang='lat' dir='ltr'><strong>panes</strong></span> 
     </span>
    </p>
   </div>
   <div class='ocr_carea' id='block_1_30' title="bbox 1823 1585 3361 1651">
    <p class='ocr_par' dir='ltr' id='par_1_30' title="bbox 1823 1585 3361 1651">
     <span class='ocr_line' id='line_1_30' title="bbox 1823 1585 3361 1651; baseline 0.003 -14"><span class='ocrx_word' id='word_1_213' title='bbox 1823 1597 2027 1637; x_wconf 84' lang='lat' dir='ltr'><strong>sanctos</strong></span> <span class='ocrx_word' id='word_1_214' title='bbox 2053 1585 2115 1639; x_wconf 90' lang='lat' dir='ltr'><strong>de</strong></span> <span class='ocrx_word' id='word_1_215' title='bbox 2146 1600 2323 1639; x_wconf 89' lang='lat' dir='ltr'><strong>mensa</strong></span> <span class='ocrx_word' id='word_1_216' title='bbox 2352 1586 2670 1639; x_wconf 84' lang='lat' dir='ltr'><strong>tabernaculi</strong></span> <span class='ocrx_word' id='word_1_217' title='bbox 2700 1587 2951 1651; x_wconf 88' lang='lat' dir='ltr'><strong>sublatos,</strong></span> <span class='ocrx_word' id='word_1_218' title='bbox 2985 1602 3100 1640; x_wconf 91' lang='lat' dir='ltr'><strong>cum</strong></span> <span class='ocrx_word' id='word_1_219' title='bbox 3125 1602 3361 1641; x_wconf 86' lang='lat' dir='ltr'><strong>summus</strong></span> 
     </span>
    </p>
   </div>
   <div class='ocr_carea' id='block_1_31' title="bbox 1823 1673 3360 1740">
    <p class='ocr_par' dir='ltr' id='par_1_31' title="bbox 1823 1673 3360 1740">
     <span class='ocr_line' id='line_1_31' title="bbox 1823 1673 3360 1740; baseline 0.001 -14"><span class='ocrx_word' id='word_1_220' title='bbox 1823 1673 2059 1728; x_wconf 74' lang='lat' dir='ltr'><strong>Pontifex</strong></span> <span class='ocrx_word' id='word_1_221' title='bbox 2091 1683 2266 1727; x_wconf 91' lang='lat' dir='ltr'><strong>noster</strong></span> <span class='ocrx_word' id='word_1_222' title='bbox 2298 1682 2471 1740; x_wconf 79' lang='lat' dir='ltr'><strong>raptos</strong></span> <span class='ocrx_word' id='word_1_223' title='bbox 2499 1674 2565 1728; x_wconf 90' lang='lat' dir='ltr'><strong>de</strong></span> <span class='ocrx_word' id='word_1_224' title='bbox 2605 1679 2699 1728; x_wconf 87' lang='lat' dir='ltr'><strong>hac</strong></span> <span class='ocrx_word' id='word_1_225' title='bbox 2751 1677 2852 1728; x_wconf 83' lang='lat' dir='ltr'><strong>vita</strong></span> <span class='ocrx_word' id='word_1_226' title='bbox 2901 1676 3092 1728; x_wconf 80' lang='lat' dir='ltr'><strong>electos</strong></span> <span class='ocrx_word' id='word_1_227' title='bbox 3138 1691 3259 1730; x_wconf 89' lang='lat' dir='ltr'><strong>suos</strong></span> <span class='ocrx_word' id='word_1_228' title='bbox 3310 1679 3360 1728; x_wconf 90' lang='lat' dir='ltr'><strong>in</strong></span> 
     </span>
    </p>
   </div>
   <div class='ocr_carea' id='block_1_32' title="bbox 1819 1765 3362 1833">
    <p class='ocr_par' dir='ltr' id='par_1_32' title="bbox 1819 1765 3362 1833">
     <span class='ocr_line' id='line_1_32' title="bbox 1819 1765 3362 1833; baseline 0.003 -17"><span class='ocrx_word' id='word_1_229' title='bbox 1819 1775 2149 1832; x_wconf 83' lang='lat' dir='ltr'><strong>augmentum</strong></span> <span class='ocrx_word' id='word_1_230' title='bbox 2191 1765 2424 1832; x_wconf 85' lang='lat' dir='ltr'><strong>corporis</strong></span> <span class='ocrx_word' id='word_1_231' title='bbox 2451 1765 2550 1830; x_wconf 90' lang='lat' dir='ltr'><strong>sui,</strong></span> <span class='ocrx_word' id='word_1_232' title='bbox 2579 1765 2717 1833; x_wconf 87' lang='lat' dir='ltr'><strong>quod</strong></span> <span class='ocrx_word' id='word_1_233' title='bbox 2742 1776 2823 1818; x_wconf 75' lang='lat' dir='ltr'><strong>est</strong></span> <span class='ocrx_word' id='word_1_234' title='bbox 2850 1767 2900 1817; x_wconf 91' lang='lat' dir='ltr'><strong>in</strong></span> <span class='ocrx_word' id='word_1_235' title='bbox 2937 1765 3104 1826; x_wconf 64' lang='lat' dir='ltr'><strong>caelis,</strong></span> <span class='ocrx_word' id='word_1_236' title='bbox 3155 1765 3254 1818; x_wconf 91' lang='lat' dir='ltr'><strong>hoc</strong></span> <span class='ocrx_word' id='word_1_237' title='bbox 3279 1775 3362 1820; x_wconf 87' lang='lat' dir='ltr'><strong>est</strong></span> 
     </span>
    </p>
   </div>
   <div class='ocr_carea' id='block_1_33' title="bbox 177 1843 3362 1914">
    <p class='ocr_par' dir='ltr' id='par_1_33' title="bbox 177 1843 3362 1914">
     <span class='ocr_line' id='line_1_33' title="bbox 177 1843 3362 1914; baseline 0.004 -18"><span class='ocrx_word' id='word_1_238' title='bbox 177 1843 270 1896; x_wconf 87' lang='lat' dir='ltr'><strong>alii</strong></span> <span class='ocrx_word' id='word_1_239' title='bbox 317 1861 330 1896; x_wconf 90' lang='lat'><strong>:</strong></span> <span class='ocrx_word' id='word_1_240' title='bbox 368 1843 635 1913; x_wconf 83' lang='lat' dir='ltr'><strong>Scriptura</strong></span> <span class='ocrx_word' id='word_1_241' title='bbox 683 1851 858 1896; x_wconf 89' lang='lat' dir='ltr'><strong>autem</strong></span> <span class='ocrx_word' id='word_1_242' title='bbox 911 1857 1061 1896; x_wconf 87' lang='lat' dir='ltr'><strong>sacra</strong></span> <span class='ocrx_word' id='word_1_243' title='bbox 1107 1846 1261 1897; x_wconf 89' lang='lat' dir='ltr'><strong>nullis</strong></span> <span class='ocrx_word' id='word_1_244' title='bbox 1309 1846 1565 1900; x_wconf 77' lang='lat' dir='ltr'><strong>abolenda</strong></span> <span class='ocrx_word' id='word_1_245' title='bbox 1628 1863 1720 1914; x_wconf 78' lang='lat' dir='ltr'><strong>per</strong></span> <span class='ocrx_word' id='word_1_246' title='bbox 1755 1847 1796 1903; x_wconf 88' lang='lat' dir='ltr'><strong>B</strong></span> <span class='ocrx_word' id='word_1_247' title='bbox 1822 1870 2040 1908; x_wconf 78' lang='lat' dir='ltr'><strong>summa:</strong></span> <span class='ocrx_word' id='word_1_248' title='bbox 2071 1855 2207 1907; x_wconf 87' lang='lat' dir='ltr'><strong>illius</strong></span> <span class='ocrx_word' id='word_1_249' title='bbox 2246 1855 2532 1908; x_wconf 81' lang='lat' dir='ltr'><strong>electorum</strong></span> <span class='ocrx_word' id='word_1_250' title='bbox 2558 1855 2902 1908; x_wconf 88' lang='lat' dir='ltr'><strong>multitudinis</strong></span> <span class='ocrx_word' id='word_1_251' title='bbox 2932 1855 3250 1908; x_wconf 87' lang='lat' dir='ltr'><strong>introducit:</strong></span> <span class='ocrx_word' id='word_1_252' title='bbox 3281 1855 3362 1911; x_wconf 81' lang='lat' dir='ltr'><strong>vel</strong></span> 
     </span>
    </p>
   </div>
   <div class='ocr_carea' id='block_1_34' title="bbox 173 1935 1719 2002">
    <p class='ocr_par' dir='ltr' id='par_1_34' title="bbox 173 1935 1719 2002">
     <span class='ocr_line' id='line_1_34' title="bbox 173 1935 1719 2002; baseline 0.004 -16"><span class='ocrx_word' id='word_1_253' title='bbox 173 1949 348 1986; x_wconf 70' lang='lat' dir='ltr'><strong>sevum</strong></span> <span class='ocrx_word' id='word_1_254' title='bbox 385 1935 708 1999; x_wconf 79' lang='lat' dir='ltr'><strong>temporiI-us</strong></span> <span class='ocrx_word' id='word_1_255' title='bbox 735 1942 963 1995; x_wconf 71' lang='lat' dir='ltr'><strong>Constat,</strong></span> <span class='ocrx_word' id='word_1_256' title='bbox 987 1949 1149 2002; x_wconf 84' lang='lat' dir='ltr'><strong>usque</strong></span> <span class='ocrx_word' id='word_1_257' title='bbox 1180 1937 1301 1987; x_wconf 89' lang='lat' dir='ltr'><strong>dum</strong></span> <span class='ocrx_word' id='word_1_258' title='bbox 1335 1938 1383 1988; x_wconf 91' lang='lat' dir='ltr'><strong>in</strong></span> <span class='ocrx_word' id='word_1_259' title='bbox 1419 1938 1519 1989; x_wconf 84' lang='lat' dir='ltr'><strong>line</strong></span> <span class='ocrx_word' id='word_1_260' title='bbox 1542 1939 1719 1992; x_wconf 89' lang='lat' dir='ltr'><strong>nmndi</strong></span> 
     </span>
    </p>
   </div>
   <div class='ocr_carea' id='block_1_35' title="bbox 173 2022 1718 2090">
    <p class='ocr_par' dir='ltr' id='par_1_35' title="bbox 173 2022 1718 2090">
     <span class='ocr_line' id='line_1_35' title="bbox 173 2022 1718 2090; baseline 0.003 -16"><span class='ocrx_word' id='word_1_261' title='bbox 173 2030 466 2090; x_wconf 82' lang='lat' dir='ltr'><strong>apparente</strong></span> <span class='ocrx_word' id='word_1_262' title='bbox 493 2022 733 2085; x_wconf 88' lang='lat' dir='ltr'><strong>Domino,</strong></span> <span class='ocrx_word' id='word_1_263' title='bbox 766 2037 860 2077; x_wconf 88' lang='lat' dir='ltr'><strong>nec</strong></span> <span class='ocrx_word' id='word_1_264' title='bbox 892 2022 1174 2090; x_wconf 83' lang='lat' dir='ltr'><strong>Scriptnris</strong></span> <span class='ocrx_word' id='word_1_265' title='bbox 1201 2028 1359 2086; x_wconf 81' lang='lat' dir='ltr'><strong>ultra,</strong></span> <span class='ocrx_word' id='word_1_266' title='bbox 1413 2040 1506 2078; x_wconf 91' lang='lat' dir='ltr'><strong>nec</strong></span> <span class='ocrx_word' id='word_1_267' title='bbox 1556 2027 1718 2079; x_wconf 80' lang='lat' dir='ltr'><strong>inter-</strong></span> 
     </span>
    </p>
   </div>
   <div class='ocr_carea' id='block_1_36' title="bbox 175 2113 1720 2182">
    <p class='ocr_par' dir='ltr' id='par_1_36' title="bbox 175 2113 1720 2182">
     <span class='ocr_line' id='line_1_36' title="bbox 175 2113 1720 2182; baseline 0 -16"><span class='ocrx_word' id='word_1_268' title='bbox 175 2113 415 2181; x_wconf 83' lang='lat' dir='ltr'><strong>pretibus</strong></span> <span class='ocrx_word' id='word_1_269' title='bbox 443 2127 623 2166; x_wconf 90' lang='lat' dir='ltr'><strong>eorum</strong></span> <span class='ocrx_word' id='word_1_270' title='bbox 647 2128 778 2182; x_wconf 89' lang='lat' dir='ltr'><strong>opus</strong></span> <span class='ocrx_word' id='word_1_271' title='bbox 811 2113 1132 2177; x_wconf 78' lang='lat' dir='ltr'><strong>habebimus,</strong></span> <span class='ocrx_word' id='word_1_272' title='bbox 1160 2115 1371 2182; x_wconf 86' lang='lat' dir='ltr'><strong>impleta</strong></span> <span class='ocrx_word' id='word_1_273' title='bbox 1397 2115 1480 2167; x_wconf 85' lang='lat' dir='ltr'><strong>illa</strong></span> <span class='ocrx_word' id='word_1_274' title='bbox 1504 2129 1720 2178; x_wconf 72' lang='lat' dir='ltr'><strong>exapta-</strong></span> 
     </span>
    </p>
   </div>
   <div class='ocr_carea' id='block_1_37' title="bbox 175 2201 1718 2270">
    <p class='ocr_par' dir='ltr' id='par_1_37' title="bbox 175 2201 1718 2270">
     <span class='ocr_line' id='line_1_37' title="bbox 175 2201 1718 2270; baseline 0.004 -18"><span class='ocrx_word' id='word_1_275' title='bbox 175 2203 382 2257; x_wconf 70' lang='lat' dir='ltr'><strong>tissitna</strong></span> <span class='ocrx_word' id='word_1_276' title='bbox 413 2201 683 2270; x_wconf 83' lang='lat' dir='ltr'><strong>prophetia</strong></span> <span class='ocrx_word' id='word_1_277' title='bbox 718 2203 938 2263; x_wconf 86' lang='lat' dir='ltr'><strong>Domini,</strong></span> <span class='ocrx_word' id='word_1_278' title='bbox 970 2220 1066 2270; x_wconf 85' lang='lat' dir='ltr'><strong>qua</strong></span> <span class='ocrx_word' id='word_1_279' title='bbox 1089 2203 1214 2257; x_wconf 88' lang='lat' dir='ltr'><strong>dicit</strong></span> <span class='ocrx_word' id='word_1_280' title='bbox 1247 2223 1258 2256; x_wconf 89' lang='lat'><strong>:</strong></span> <span class='ocrx_word' id='word_1_281' title='bbox 1287 2203 1350 2256; x_wconf 81' lang='lat' dir='ltr'><strong>Et</strong></span> <span class='ocrx_word' id='word_1_282' title='bbox 1389 2222 1488 2257; x_wconf 83' lang='lat' dir='ltr'><strong>non</strong></span> <span class='ocrx_word' id='word_1_283' title='bbox 1529 2207 1718 2259; x_wconf 78' lang='lat' dir='ltr'><strong>docebit</strong></span> 
     </span>
    </p>
   </div>
   <div class='ocr_carea' id='block_1_38' title="bbox 176 2293 1718 2363">
    <p class='ocr_par' dir='ltr' id='par_1_38' title="bbox 176 2293 1718 2363">
     <span class='ocr_line' id='line_1_38' title="bbox 176 2293 1718 2363; baseline 0.002 -19"><span class='ocrx_word' id='word_1_284' title='bbox 176 2293 523 2361; x_wconf 70' lang='lat' dir='ltr'><strong>unusquisque</strong></span> <span class='ocrx_word' id='word_1_285' title='bbox 551 2294 836 2362; x_wconf 73' lang='lat' dir='ltr'><strong>proximum</strong></span> <span class='ocrx_word' id='word_1_286' title='bbox 863 2310 1041 2358; x_wconf 85' lang='lat' dir='ltr'><strong>suum,</strong></span> <span class='ocrx_word' id='word_1_287' title='bbox 1073 2303 1116 2345; x_wconf 86' lang='lat' dir='ltr'><strong>et</strong></span> <span class='ocrx_word' id='word_1_288' title='bbox 1149 2295 1484 2363; x_wconf 74' lang='lat' dir='ltr'><strong>unusquisque</strong></span> <span class='ocrx_word' id='word_1_289' title='bbox 1511 2298 1718 2361; x_wconf 84' lang='lat' dir='ltr'><strong>fratrem</strong></span> 
     </span>
    </p>
   </div>
   <div class='ocr_carea' id='block_1_39' title="bbox 171 2382 1719 2452">
    <p class='ocr_par' dir='ltr' id='par_1_39' title="bbox 171 2382 1719 2452">
     <span class='ocr_line' id='line_1_39' title="bbox 171 2382 1719 2452; baseline 0.004 -17"><span class='ocrx_word' id='word_1_290' title='bbox 171 2399 348 2447; x_wconf 75' lang='lat' dir='ltr'><strong>suurn,</strong></span> <span class='ocrx_word' id='word_1_291' title='bbox 405 2385 584 2437; x_wconf 77' lang='lat' dir='ltr'><strong>dicens</strong></span> <span class='ocrx_word' id='word_1_292' title='bbox 617 2382 905 2452; x_wconf 84' lang='lat' dir='ltr'><strong>:Coguosce</strong></span> <span class='ocrx_word' id='word_1_293' title='bbox 936 2383 1225 2447; x_wconf 80' lang='lat' dir='ltr'><strong>Dominum,</strong></span> <span class='ocrx_word' id='word_1_294' title='bbox 1271 2387 1504 2452; x_wconf 85' lang='lat' dir='ltr'><strong>quoniam</strong></span> <span class='ocrx_word' id='word_1_295' title='bbox 1551 2403 1719 2441; x_wconf 84' lang='lat' dir='ltr'><strong>omnes</strong></span> 
     </span>
    </p>
   </div>
   <div class='ocr_carea' id='block_1_40' title="bbox 172 2472 1714 2544">
    <p class='ocr_par' dir='ltr' id='par_1_40' title="bbox 172 2472 1714 2544">
     <span class='ocr_line' id='line_1_40' title="bbox 172 2472 1714 2544; baseline 0.003 -20"><span class='ocrx_word' id='word_1_296' title='bbox 172 2472 335 2524; x_wconf 79' lang='lat' dir='ltr'><strong>scient</strong></span> <span class='ocrx_word' id='word_1_297' title='bbox 365 2489 461 2535; x_wconf 87' lang='lat' dir='ltr'><strong>me,</strong></span> <span class='ocrx_word' id='word_1_298' title='bbox 491 2489 522 2525; x_wconf 81' lang='lat' dir='ltr'><strong>tt</strong></span> <span class='ocrx_word' id='word_1_299' title='bbox 560 2476 747 2524; x_wconf 81' lang='lat' dir='ltr'><strong>minore</strong></span> <span class='ocrx_word' id='word_1_300' title='bbox 770 2489 925 2540; x_wconf 85' lang='lat' dir='ltr'><strong>usque</strong></span> <span class='ocrx_word' id='word_1_301' title='bbox 952 2473 1018 2524; x_wconf 78' lang='lat' dir='ltr'><strong>ad</strong></span> <span class='ocrx_word' id='word_1_302' title='bbox 1048 2479 1285 2541; x_wconf 71' lang='lat' dir='ltr'><strong>utajorcm</strong></span> <span class='ocrx_word' id='word_1_303' title='bbox 1309 2491 1478 2526; x_wconf 87' lang='lat' dir='ltr'><strong>eorum</strong></span> <span class='ocrx_word' id='word_1_304' title='bbox 1509 2475 1714 2544; x_wconf 65' lang='grc' dir='ltr'><strong>(λιιι-ειη.</strong></span> 
     </span>
    </p>
   </div>
   <div class='ocr_carea' id='block_1_41' title="bbox 173 2561 1719 2630">
    <p class='ocr_par' dir='ltr' id='par_1_41' title="bbox 173 2561 1719 2630">
     <span class='ocr_line' id='line_1_41' title="bbox 173 2561 1719 2630; baseline 0.004 -16"><span class='ocrx_word' id='word_1_305' title='bbox 173 2561 369 2629; x_wconf 40' lang='lat' dir='ltr'><strong>aut),</strong></span> <span class='ocrx_word' id='word_1_306' title='bbox 398 2563 767 2630; x_wconf 85' lang='lat' dir='ltr'><strong>Coquebautur</strong></span> <span class='ocrx_word' id='word_1_307' title='bbox 791 2573 968 2615; x_wconf 85' lang='lat' dir='ltr'><strong>autem</strong></span> <span class='ocrx_word' id='word_1_308' title='bbox 1002 2578 1159 2628; x_wconf 86' lang='lat' dir='ltr'><strong>panes</strong></span> <span class='ocrx_word' id='word_1_309' title='bbox 1189 2574 1310 2616; x_wconf 91' lang='lat' dir='ltr'><strong>ante</strong></span> <span class='ocrx_word' id='word_1_310' title='bbox 1333 2565 1632 2630; x_wconf 77' lang='lat' dir='ltr'><strong>szibbatum,</strong></span> <span class='ocrx_word' id='word_1_311' title='bbox 1663 2575 1719 2620; x_wconf 86' lang='lat' dir='ltr'><strong>ut</strong></span> 
     </span>
    </p>
   </div>
   <div class='ocr_carea' id='block_1_42' title="bbox 171 2650 1718 2720">
    <p class='ocr_par' dir='ltr' id='par_1_42' title="bbox 171 2650 1718 2720">
     <span class='ocr_line' id='line_1_42' title="bbox 171 2650 1718 2720; baseline 0.003 -15"><span class='ocrx_word' id='word_1_312' title='bbox 171 2650 440 2717; x_wconf 68' lang='lat' dir='ltr'><strong>Iosephus</strong></span> <span class='ocrx_word' id='word_1_313' title='bbox 474 2652 655 2704; x_wconf 88' lang='lat' dir='ltr'><strong>scribit</strong></span> <span class='ocrx_word' id='word_1_314' title='bbox 677 2652 868 2720; x_wconf 71' lang='grc' dir='ltr'><strong>(Λιιιίᾳ.</strong></span> <span class='ocrx_word' id='word_1_315' title='bbox 902 2652 990 2703; x_wconf 85' lang='lat' dir='ltr'><strong>lib.</strong></span> <span class='ocrx_word' id='word_1_316' title='bbox 1020 2668 1094 2715; x_wconf 82' lang='grc' dir='ltr'>ιιι,</span> <span class='ocrx_word' id='word_1_317' title='bbox 1124 2670 1238 2718; x_wconf 89' lang='lat' dir='ltr'><strong>cap.</strong></span> <span class='ocrx_word' id='word_1_318' title='bbox 1275 2655 1382 2720; x_wconf 80' lang='lat' dir='ltr'><strong>l3),</strong></span> <span class='ocrx_word' id='word_1_319' title='bbox 1413 2656 1513 2708; x_wconf 92' lang='lat' dir='ltr'><strong>duo</strong></span> <span class='ocrx_word' id='word_1_320' title='bbox 1543 2667 1594 2709; x_wconf 87' lang='lat' dir='ltr'><strong>et</strong></span> <span class='ocrx_word' id='word_1_321' title='bbox 1615 2656 1718 2709; x_wconf 91' lang='lat' dir='ltr'><strong>duo</strong></span> 
     </span>
    </p>
   </div>
   <div class='ocr_carea' id='block_1_43' title="bbox 174 2742 1719 2812">
    <p class='ocr_par' dir='ltr' id='par_1_43' title="bbox 174 2742 1719 2812">
     <span class='ocr_line' id='line_1_43' title="bbox 174 2742 1719 2812; baseline 0.002 -17"><span class='ocrx_word' id='word_1_322' title='bbox 174 2742 336 2795; x_wconf 83' lang='lat' dir='ltr'><strong>divisi</strong></span> <span class='ocrx_word' id='word_1_323' title='bbox 360 2752 480 2794; x_wconf 78' lang='lat' dir='ltr'><strong>ante</strong></span> <span class='ocrx_word' id='word_1_324' title='bbox 509 2742 780 2794; x_wconf 79' lang='lat' dir='ltr'><strong>sabbatum</strong></span> <span class='ocrx_word' id='word_1_325' title='bbox 816 2759 829 2793; x_wconf 90' lang='lat'><strong>:</strong></span> <span class='ocrx_word' id='word_1_326' title='bbox 862 2752 913 2794; x_wconf 89' lang='lat' dir='ltr'><strong>et</strong></span> <span class='ocrx_word' id='word_1_327' title='bbox 935 2744 1152 2795; x_wconf 87' lang='lat' dir='ltr'><strong>sabbato</strong></span> <span class='ocrx_word' id='word_1_328' title='bbox 1182 2759 1332 2798; x_wconf 88' lang='lat' dir='ltr'><strong>tuane</strong></span> <span class='ocrx_word' id='word_1_329' title='bbox 1355 2745 1515 2798; x_wconf 89' lang='lat' dir='ltr'><strong>oblati</strong></span> <span class='ocrx_word' id='word_1_330' title='bbox 1563 2761 1719 2812; x_wconf 81' lang='lat' dir='ltr'><strong>super</strong></span> 
     </span>
    </p>
   </div>
   <div class='ocr_carea' id='block_1_44' title="bbox 173 2830 1716 2892">
    <p class='ocr_par' dir='ltr' id='par_1_44' title="bbox 173 2830 1716 2892">
     <span class='ocr_line' id='line_1_44' title="bbox 173 2830 1716 2892; baseline -0.001 -8"><span class='ocrx_word' id='word_1_331' title='bbox 173 2845 384 2884; x_wconf 83' lang='lat' dir='ltr'><strong>sacram</strong></span> <span class='ocrx_word' id='word_1_332' title='bbox 424 2844 657 2882; x_wconf 87' lang='lat' dir='ltr'><strong>mensam</strong></span> <span class='ocrx_word' id='word_1_333' title='bbox 707 2830 1029 2892; x_wconf 87' lang='lat' dir='ltr'><strong>ponebantur</strong></span> <span class='ocrx_word' id='word_1_334' title='bbox 1049 2834 1159 2883; x_wconf 83' lang='lat' dir='ltr'><strong>seni</strong></span> <span class='ocrx_word' id='word_1_335' title='bbox 1185 2833 1248 2882; x_wconf 91' lang='lat' dir='ltr'><strong>ad</strong></span> <span class='ocrx_word' id='word_1_336' title='bbox 1277 2833 1558 2884; x_wconf 84' lang='lat' dir='ltr'><strong>alterutros</strong></span> <span class='ocrx_word' id='word_1_337' title='bbox 1586 2847 1716 2884; x_wconf 81' lang='lat' dir='ltr'><strong>con-</strong></span> 
     </span>
    </p>
   </div>
   <div class='ocr_carea' id='block_1_45' title="bbox 176 2920 1715 2990">
    <p class='ocr_par' dir='ltr' id='par_1_45' title="bbox 176 2920 1715 2990">
     <span class='ocr_line' id='line_1_45' title="bbox 176 2920 1715 2990; baseline -0.001 -16"><span class='ocrx_word' id='word_1_338' title='bbox 176 2922 345 2984; x_wconf 74' lang='lat' dir='ltr'><strong>versi,</strong></span> <span class='ocrx_word' id='word_1_339' title='bbox 361 2920 560 2974; x_wconf 83' lang='lat' dir='ltr'><strong>duabus</strong></span> <span class='ocrx_word' id='word_1_340' title='bbox 578 2920 768 2988; x_wconf 87' lang='lat' dir='ltr'><strong>pateris</strong></span> <span class='ocrx_word' id='word_1_341' title='bbox 790 2921 961 2974; x_wconf 87' lang='lat' dir='ltr'><strong>aureis</strong></span> <span class='ocrx_word' id='word_1_342' title='bbox 982 2921 1338 2988; x_wconf 71' lang='lat' dir='ltr'><strong>superpositis,</strong></span> <span class='ocrx_word' id='word_1_343' title='bbox 1357 2922 1505 2975; x_wconf 89' lang='lat' dir='ltr'><strong>thure</strong></span> <span class='ocrx_word' id='word_1_344' title='bbox 1527 2922 1715 2990; x_wconf 81' lang='lat' dir='ltr'><strong>plenis,</strong></span> 
     </span>
    </p>
   </div>
   <div class='ocr_carea' id='block_1_46' title="bbox 174 3011 1719 3083">
    <p class='ocr_par' dir='ltr' id='par_1_46' title="bbox 174 3011 1719 3083">
     <span class='ocr_line' id='line_1_46' title="bbox 174 3011 1719 3083; baseline -0.001 -19"><span class='ocrx_word' id='word_1_345' title='bbox 174 3026 301 3083; x_wconf 65' lang='lat' dir='ltr'><strong>qua:</strong></span> <span class='ocrx_word' id='word_1_346' title='bbox 333 3012 706 3078; x_wconf 89' lang='lat' dir='ltr'><strong>permanebant</strong></span> <span class='ocrx_word' id='word_1_347' title='bbox 734 3026 898 3078; x_wconf 89' lang='lat' dir='ltr'><strong>usque</strong></span> <span class='ocrx_word' id='word_1_348' title='bbox 923 3011 985 3062; x_wconf 92' lang='lat' dir='ltr'><strong>ad</strong></span> <span class='ocrx_word' id='word_1_349' title='bbox 1019 3012 1157 3063; x_wconf 88' lang='lat' dir='ltr'><strong>aliud</strong></span> <span class='ocrx_word' id='word_1_350' title='bbox 1187 3011 1477 3071; x_wconf 85' lang='lat' dir='ltr'><strong>sabbatum,</strong></span> <span class='ocrx_word' id='word_1_351' title='bbox 1513 3021 1564 3062; x_wconf 92' lang='lat' dir='ltr'><strong>et</strong></span> <span class='ocrx_word' id='word_1_352' title='bbox 1596 3019 1719 3063; x_wconf 90' lang='lat' dir='ltr'><strong>tunc</strong></span> 
     </span>
    </p>
   </div>
   <div class='ocr_carea' id='block_1_47' title="bbox 179 3099 1727 3172">
    <p class='ocr_par' dir='ltr' id='par_1_47' title="bbox 179 3099 1727 3172">
     <span class='ocr_line' id='line_1_47' title="bbox 179 3099 1727 3172; baseline -0.001 -16"><span class='ocrx_word' id='word_1_353' title='bbox 179 3118 283 3172; x_wconf 87' lang='lat' dir='ltr'><strong>pro</strong></span> <span class='ocrx_word' id='word_1_354' title='bbox 308 3101 410 3154; x_wconf 89' lang='lat' dir='ltr'><strong>illis</strong></span> <span class='ocrx_word' id='word_1_355' title='bbox 444 3099 534 3153; x_wconf 86' lang='lat' dir='ltr'><strong>alii</strong></span> <span class='ocrx_word' id='word_1_356' title='bbox 584 3100 1013 3166; x_wconf 87' lang='lat' dir='ltr'><strong>deportabantur,</strong></span> <span class='ocrx_word' id='word_1_357' title='bbox 1057 3100 1128 3153; x_wconf 89' lang='lat' dir='ltr'><strong>illi</strong></span> <span class='ocrx_word' id='word_1_358' title='bbox 1179 3115 1300 3152; x_wconf 81' lang='lat' dir='ltr'><strong>vero</strong></span> <span class='ocrx_word' id='word_1_359' title='bbox 1359 3100 1727 3154; x_wconf 79' lang='lat' dir='ltr'><strong>sacerdotibus.</strong></span> 
     </span>
    </p>
   </div>
   <div class='ocr_carea' id='block_1_48' title="bbox 176 3189 1720 3260">
    <p class='ocr_par' dir='ltr' id='par_1_48' title="bbox 176 3189 1720 3260">
     <span class='ocr_line' id='line_1_48' title="bbox 176 3189 1720 3260; baseline -0.002 -14"><span class='ocrx_word' id='word_1_360' title='bbox 176 3190 565 3246; x_wconf 76' lang='lat' dir='ltr'><strong>exhibebantur</strong></span> <span class='ocrx_word' id='word_1_361' title='bbox 592 3200 675 3245; x_wconf 91' lang='lat' dir='ltr'><strong>:et</strong></span> <span class='ocrx_word' id='word_1_362' title='bbox 704 3189 854 3244; x_wconf 91' lang='lat' dir='ltr'><strong>thure</strong></span> <span class='ocrx_word' id='word_1_363' title='bbox 881 3190 1094 3243; x_wconf 88' lang='lat' dir='ltr'><strong>incenso</strong></span> <span class='ocrx_word' id='word_1_364' title='bbox 1123 3191 1172 3243; x_wconf 91' lang='lat' dir='ltr'><strong>in</strong></span> <span class='ocrx_word' id='word_1_365' title='bbox 1200 3192 1315 3258; x_wconf 76' lang='lat' dir='ltr'><strong>igne</strong></span> <span class='ocrx_word' id='word_1_366' title='bbox 1343 3205 1509 3255; x_wconf 87' lang='lat' dir='ltr'><strong>sacro,</strong></span> <span class='ocrx_word' id='word_1_367' title='bbox 1543 3192 1590 3242; x_wconf 90' lang='lat' dir='ltr'><strong>in</strong></span> <span class='ocrx_word' id='word_1_368' title='bbox 1616 3207 1720 3260; x_wconf 90' lang='lat' dir='ltr'><strong>quo</strong></span> 
     </span>
    </p>
   </div>
   <div class='ocr_carea' id='block_1_49' title="bbox 179 3280 1722 3349">
    <p class='ocr_par' dir='ltr' id='par_1_49' title="bbox 179 3280 1722 3349">
     <span class='ocr_line' id='line_1_49' title="bbox 179 3280 1722 3349; baseline 0.001 -16"><span class='ocrx_word' id='word_1_369' title='bbox 179 3284 363 3336; x_wconf 76' lang='lat' dir='ltr'><strong>t-mnia</strong></span> <span class='ocrx_word' id='word_1_370' title='bbox 385 3282 680 3337; x_wconf 84' lang='lat' dir='ltr'><strong>holocausta</strong></span> <span class='ocrx_word' id='word_1_371' title='bbox 711 3281 918 3343; x_wconf 81' lang='lat' dir='ltr'><strong>ﬁebant,</strong></span> <span class='ocrx_word' id='word_1_372' title='bbox 939 3280 1078 3334; x_wconf 90' lang='lat' dir='ltr'><strong>aliud</strong></span> <span class='ocrx_word' id='word_1_373' title='bbox 1105 3284 1222 3334; x_wconf 90' lang='lat' dir='ltr'><strong>thus</strong></span> <span class='ocrx_word' id='word_1_374' title='bbox 1243 3296 1395 3349; x_wconf 88' lang='lat' dir='ltr'><strong>super</strong></span> <span class='ocrx_word' id='word_1_375' title='bbox 1413 3281 1541 3334; x_wconf 90' lang='lat' dir='ltr'><strong>alios</strong></span> <span class='ocrx_word' id='word_1_376' title='bbox 1566 3297 1722 3348; x_wconf 89' lang='lat' dir='ltr'><strong>panes</strong></span> 
     </span>
    </p>
   </div>
   <div class='ocr_carea' id='block_1_50' title="bbox 175 3370 1722 3440">
    <p class='ocr_par' dir='ltr' id='par_1_50' title="bbox 175 3370 1722 3440">
     <span class='ocr_line' id='line_1_50' title="bbox 175 3370 1722 3440; baseline -0.001 -16"><span class='ocrx_word' id='word_1_377' title='bbox 175 3371 544 3440; x_wconf 85' lang='lat' dir='ltr'><strong>adjiciebatur,</strong></span> <span class='ocrx_word' id='word_1_378' title='bbox 558 3370 796 3440; x_wconf 87' lang='lat' dir='ltr'><strong>quodque</strong></span> <span class='ocrx_word' id='word_1_379' title='bbox 811 3371 860 3423; x_wconf 92' lang='lat' dir='ltr'><strong>in</strong></span> <span class='ocrx_word' id='word_1_380' title='bbox 878 3370 1009 3423; x_wconf 90' lang='lat' dir='ltr'><strong>libro</strong></span> <span class='ocrx_word' id='word_1_381' title='bbox 1031 3370 1225 3437; x_wconf 77' lang='lat' dir='ltr'><strong>Regum</strong></span> <span class='ocrx_word' id='word_1_382' title='bbox 1240 3371 1485 3436; x_wconf 88' lang='lat' dir='ltr'><strong>scriptum</strong></span> <span class='ocrx_word' id='word_1_383' title='bbox 1501 3372 1722 3440; x_wconf 86' lang='lat' dir='ltr'><strong>est,quia</strong></span> 
     </span>
    </p>
   </div>
   <div class='ocr_carea' id='block_1_51' title="bbox 184 3463 1722 3532">
    <p class='ocr_par' dir='ltr' id='par_1_51' title="bbox 184 3463 1722 3532">
     <span class='ocr_line' id='line_1_51' title="bbox 184 3463 1722 3532; baseline -0.003 -14"><span class='ocrx_word' id='word_1_384' title='bbox 184 3466 354 3519; x_wconf 73' lang='lat' dir='ltr'><strong>l&#39;neid</strong></span> <span class='ocrx_word' id='word_1_385' title='bbox 377 3466 747 3517; x_wconf 78' lang='lat' dir='ltr'><strong>tabernaculum</strong></span> <span class='ocrx_word' id='word_1_386' title='bbox 769 3463 1042 3532; x_wconf 84' lang='lat' dir='ltr'><strong>ingressus,</strong></span> <span class='ocrx_word' id='word_1_387' title='bbox 1061 3477 1212 3530; x_wconf 84' lang='lat' dir='ltr'><strong>panes</strong></span> <span class='ocrx_word' id='word_1_388' title='bbox 1236 3473 1431 3516; x_wconf 85' lang='lat' dir='ltr'><strong>sanctos</strong></span> <span class='ocrx_word' id='word_1_389' title='bbox 1446 3480 1476 3514; x_wconf 88' lang='lat' dir='ltr'><strong>a</strong></span> <span class='ocrx_word' id='word_1_390' title='bbox 1493 3468 1722 3516; x_wconf 84' lang='lat' dir='ltr'><strong>sacerdo-</strong></span> 
     </span>
    </p>
   </div>
   <div class='ocr_carea' id='block_1_52' title="bbox 178 3551 1719 3620">
    <p class='ocr_par' dir='ltr' id='par_1_52' title="bbox 178 3551 1719 3620">
     <span class='ocr_line' id='line_1_52' title="bbox 178 3551 1719 3620; baseline -0.003 -13"><span class='ocrx_word' id='word_1_391' title='bbox 178 3556 317 3608; x_wconf 78' lang='lat' dir='ltr'><strong>tibus</strong></span> <span class='ocrx_word' id='word_1_392' title='bbox 334 3557 594 3620; x_wconf 83' lang='lat' dir='ltr'><strong>acceperit,</strong></span> <span class='ocrx_word' id='word_1_393' title='bbox 614 3553 816 3605; x_wconf 84' lang='lat' dir='ltr'><strong>sabbato</strong></span> <span class='ocrx_word' id='word_1_394' title='bbox 840 3567 982 3605; x_wconf 84' lang='lat' dir='ltr'><strong>mane</strong></span> <span class='ocrx_word' id='word_1_395' title='bbox 998 3553 1185 3619; x_wconf 80' lang='lat' dir='ltr'><strong>factum</strong></span> <span class='ocrx_word' id='word_1_396' title='bbox 1203 3562 1293 3605; x_wconf 70' lang='grc' dir='ltr'><strong>εει.</strong></span> <span class='ocrx_word' id='word_1_397' title='bbox 1325 3551 1472 3606; x_wconf 81' lang='lat' dir='ltr'><strong>Venit</strong></span> <span class='ocrx_word' id='word_1_398' title='bbox 1500 3554 1636 3605; x_wconf 89' lang='lat' dir='ltr'><strong>enim</strong></span> <span class='ocrx_word' id='word_1_399' title='bbox 1658 3553 1719 3602; x_wconf 90' lang='lat' dir='ltr'><strong>ad</strong></span> 
     </span>
    </p>
   </div>
   <div class='ocr_carea' id='block_1_53' title="bbox 176 3640 1723 3706">
    <p class='ocr_par' dir='ltr' id='par_1_53' title="bbox 176 3640 1723 3706">
     <span class='ocr_line' id='line_1_53' title="bbox 176 3640 1723 3706; baseline -0.003 -12"><span class='ocrx_word' id='word_1_400' title='bbox 176 3643 576 3695; x_wconf 68' lang='lat' dir='ltr'><strong>tabt&#39;ruaCqum</strong></span> <span class='ocrx_word' id='word_1_401' title='bbox 598 3642 683 3694; x_wconf 88' lang='lat' dir='ltr'><strong>illa</strong></span> <span class='ocrx_word' id='word_1_402' title='bbox 699 3642 845 3704; x_wconf 84' lang='lat' dir='ltr'><strong>liora,</strong></span> <span class='ocrx_word' id='word_1_403' title='bbox 877 3655 974 3706; x_wconf 90' lang='lat' dir='ltr'><strong>qua</strong></span> <span class='ocrx_word' id='word_1_404' title='bbox 1001 3654 1161 3706; x_wconf 87' lang='lat' dir='ltr'><strong>partes</strong></span> <span class='ocrx_word' id='word_1_405' title='bbox 1189 3640 1494 3705; x_wconf 75' lang='lat' dir='ltr'><strong>septimana.-</strong></span> <span class='ocrx_word' id='word_1_406' title='bbox 1524 3654 1691 3706; x_wconf 79' lang='lat' dir='ltr'><strong>pra-re</strong></span> <span class='ocrx_word' id='word_1_407' title='bbox 1709 3667 1723 3677; x_wconf 87' lang='lat'><strong>-</strong></span> 
     </span>
    </p>
   </div>
   <div class='ocr_carea' id='block_1_54' title="bbox 177 3727 1721 3793">
    <p class='ocr_par' dir='ltr' id='par_1_54' title="bbox 177 3727 1721 3793">
     <span class='ocr_line' id='line_1_54' title="bbox 177 3727 1721 3793; baseline -0.004 -8"><span class='ocrx_word' id='word_1_408' title='bbox 177 3734 358 3785; x_wconf 74' lang='lat' dir='ltr'><strong>dentis</strong></span> <span class='ocrx_word' id='word_1_409' title='bbox 394 3732 579 3784; x_wconf 84' lang='lat' dir='ltr'><strong>sublati</strong></span> <span class='ocrx_word' id='word_1_410' title='bbox 605 3739 752 3784; x_wconf 87' lang='lat' dir='ltr'><strong>erant</strong></span> <span class='ocrx_word' id='word_1_411' title='bbox 781 3731 844 3784; x_wconf 86' lang='lat' dir='ltr'><strong>de</strong></span> <span class='ocrx_word' id='word_1_412' title='bbox 872 3743 1052 3781; x_wconf 88' lang='lat' dir='ltr'><strong>mensa</strong></span> <span class='ocrx_word' id='word_1_413' title='bbox 1071 3727 1295 3792; x_wconf 86' lang='lat' dir='ltr'><strong>Domini,</strong></span> <span class='ocrx_word' id='word_1_414' title='bbox 1323 3738 1377 3781; x_wconf 92' lang='lat' dir='ltr'><strong>ut</strong></span> <span class='ocrx_word' id='word_1_415' title='bbox 1409 3741 1721 3793; x_wconf 84' lang='lat' dir='ltr'><strong>ponerentur</strong></span> 
     </span>
    </p>
   </div>
   <div class='ocr_carea' id='block_1_55' title="bbox 179 3817 1719 3894">
    <p class='ocr_par' dir='ltr' id='par_1_55' title="bbox 179 3817 1719 3894">
     <span class='ocr_line' id='line_1_55' title="bbox 179 3817 1719 3894; baseline -0.002 -20"><span class='ocrx_word' id='word_1_416' title='bbox 179 3835 346 3894; x_wconf 82' lang='lat' dir='ltr'><strong>panes</strong></span> <span class='ocrx_word' id='word_1_417' title='bbox 378 3818 518 3882; x_wconf 75' lang='lat' dir='ltr'><strong>novi,</strong></span> <span class='ocrx_word' id='word_1_418' title='bbox 548 3819 634 3888; x_wconf 91' lang='lat' dir='ltr'><strong>qui</strong></span> <span class='ocrx_word' id='word_1_419' title='bbox 667 3819 832 3887; x_wconf 91' lang='lat' dir='ltr'><strong>pridie</strong></span> <span class='ocrx_word' id='word_1_420' title='bbox 859 3818 1062 3870; x_wconf 89' lang='lat' dir='ltr'><strong>lueraut</strong></span> <span class='ocrx_word' id='word_1_421' title='bbox 1112 3817 1246 3869; x_wconf 92' lang='lat' dir='ltr'><strong>cocti</strong></span> <span class='ocrx_word' id='word_1_422' title='bbox 1281 3833 1295 3869; x_wconf 89' lang='lat'><strong>:</strong></span> <span class='ocrx_word' id='word_1_423' title='bbox 1351 3819 1528 3886; x_wconf 86' lang='lat' dir='ltr'><strong>sicque</strong></span> <span class='ocrx_word' id='word_1_424' title='bbox 1559 3834 1719 3884; x_wconf 85' lang='lat' dir='ltr'><strong>panes</strong></span> 
     </span>
    </p>
   </div>
   <div class='ocr_carea' id='block_1_56' title="bbox 173 3906 1719 3976">
    <p class='ocr_par' dir='ltr' id='par_1_56' title="bbox 173 3906 1719 3976">
     <span class='ocr_line' id='line_1_56' title="bbox 173 3906 1719 3976; baseline -0.003 -10"><span class='ocrx_word' id='word_1_425' title='bbox 173 3919 396 3966; x_wconf 86' lang='lat' dir='ltr'><strong>sanctos</strong></span> <span class='ocrx_word' id='word_1_426' title='bbox 422 3908 641 3976; x_wconf 87' lang='lat' dir='ltr'><strong>accepit,</strong></span> <span class='ocrx_word' id='word_1_427' title='bbox 683 3918 828 3960; x_wconf 91' lang='lat' dir='ltr'><strong>utne</strong></span> <span class='ocrx_word' id='word_1_428' title='bbox 871 3906 934 3959; x_wconf 92' lang='lat' dir='ltr'><strong>ad</strong></span> <span class='ocrx_word' id='word_1_429' title='bbox 975 3917 1289 3959; x_wconf 88' lang='lat' dir='ltr'><strong>momentum</strong></span> <span class='ocrx_word' id='word_1_430' title='bbox 1332 3908 1542 3976; x_wconf 90' lang='lat' dir='ltr'><strong>quidem</strong></span> <span class='ocrx_word' id='word_1_431' title='bbox 1580 3909 1719 3961; x_wconf 76' lang='lat' dir='ltr'><strong>hunc</strong></span> 
     </span>
    </p>
   </div>
   <div class='ocr_carea' id='block_1_57' title="bbox 174 3994 1719 4065">
    <p class='ocr_par' dir='ltr' id='par_1_57' title="bbox 174 3994 1719 4065">
     <span class='ocr_line' id='line_1_57' title="bbox 174 3994 1719 4065; baseline -0.004 -11"><span class='ocrx_word' id='word_1_432' title='bbox 174 4014 361 4054; x_wconf 84' lang='lat' dir='ltr'><strong>tnet.sa</strong></span> <span class='ocrx_word' id='word_1_433' title='bbox 389 3994 587 4053; x_wconf 76' lang='lat' dir='ltr'><strong>Domini</strong></span> <span class='ocrx_word' id='word_1_434' title='bbox 619 3997 730 4050; x_wconf 90' lang='lat' dir='ltr'><strong>sine</strong></span> <span class='ocrx_word' id='word_1_435' title='bbox 756 4011 885 4065; x_wconf 88' lang='lat' dir='ltr'><strong>pane</strong></span> <span class='ocrx_word' id='word_1_436' title='bbox 910 4003 1162 4049; x_wconf 89' lang='lat' dir='ltr'><strong>maneret.</strong></span> <span class='ocrx_word' id='word_1_437' title='bbox 1192 3995 1338 4050; x_wconf 87' lang='lat' dir='ltr'><strong>Unde</strong></span> <span class='ocrx_word' id='word_1_438' title='bbox 1359 3996 1601 4049; x_wconf 86' lang='lat' dir='ltr'><strong>sulertius</strong></span> <span class='ocrx_word' id='word_1_439' title='bbox 1625 3998 1719 4049; x_wconf 85' lang='lat' dir='ltr'><strong>ad-</strong></span> 
     </span>
    </p>
   </div>
   <div class='ocr_carea' id='block_1_58' title="bbox 173 4086 1719 4155">
    <p class='ocr_par' dir='ltr' id='par_1_58' title="bbox 173 4086 1719 4155">
     <span class='ocr_line' id='line_1_58' title="bbox 173 4086 1719 4155; baseline -0.002 -12"><span class='ocrx_word' id='word_1_440' title='bbox 173 4089 288 4143; x_wconf 88' lang='lat' dir='ltr'><strong>lmc</strong></span> <span class='ocrx_word' id='word_1_441' title='bbox 313 4087 646 4143; x_wconf 77' lang='lat' dir='ltr'><strong>considerare</strong></span> <span class='ocrx_word' id='word_1_442' title='bbox 673 4087 815 4147; x_wconf 86' lang='lat' dir='ltr'><strong>libet,</strong></span> <span class='ocrx_word' id='word_1_443' title='bbox 834 4086 970 4155; x_wconf 90' lang='lat' dir='ltr'><strong>quod</strong></span> <span class='ocrx_word' id='word_1_444' title='bbox 992 4101 1148 4153; x_wconf 87' lang='lat' dir='ltr'><strong>panes</strong></span> <span class='ocrx_word' id='word_1_445' title='bbox 1173 4101 1264 4155; x_wconf 87' lang='lat' dir='ltr'><strong>per</strong></span> <span class='ocrx_word' id='word_1_446' title='bbox 1284 4088 1481 4155; x_wconf 80' lang='lat' dir='ltr'><strong>singula</strong></span> <span class='ocrx_word' id='word_1_447' title='bbox 1506 4087 1719 4140; x_wconf 82' lang='lat' dir='ltr'><strong>sabbata</strong></span> 
     </span>
    </p>
   </div>
   <div class='ocr_carea' id='block_1_59' title="bbox 175 4176 1716 4246">
    <p class='ocr_par' dir='ltr' id='par_1_59' title="bbox 175 4176 1716 4246">
     <span class='ocr_line' id='line_1_59' title="bbox 175 4176 1716 4246; baseline -0.002 -15"><span class='ocrx_word' id='word_1_448' title='bbox 175 4179 372 4231; x_wconf 84' lang='lat' dir='ltr'><strong>tnutari</strong></span> <span class='ocrx_word' id='word_1_449' title='bbox 399 4177 714 4246; x_wconf 87' lang='lat' dir='ltr'><strong>jubebantur</strong></span> <span class='ocrx_word' id='word_1_450' title='bbox 744 4195 754 4228; x_wconf 95' lang='lat'>:</span> <span class='ocrx_word' id='word_1_451' title='bbox 782 4190 1002 4244; x_wconf 87' lang='lat' dir='ltr'><strong>namque</strong></span> <span class='ocrx_word' id='word_1_452' title='bbox 1032 4176 1098 4229; x_wconf 88' lang='lat' dir='ltr'><strong>ita</strong></span> <span class='ocrx_word' id='word_1_453' title='bbox 1129 4177 1484 4241; x_wconf 85' lang='lat' dir='ltr'><strong>mutabantur,</strong></span> <span class='ocrx_word' id='word_1_454' title='bbox 1520 4185 1577 4228; x_wconf 90' lang='lat' dir='ltr'><strong>ut</strong></span> <span class='ocrx_word' id='word_1_455' title='bbox 1604 4177 1716 4229; x_wconf 86' lang='lat' dir='ltr'><strong>sin-</strong></span> 
     </span>
    </p>
   </div>
   <div class='ocr_carea' id='block_1_60' title="bbox 172 4265 1721 4337">
    <p class='ocr_par' dir='ltr' id='par_1_60' title="bbox 172 4265 1721 4337">
     <span class='ocr_line' id='line_1_60' title="bbox 172 4265 1721 4337; baseline 0 -20"><span class='ocrx_word' id='word_1_456' title='bbox 172 4269 289 4337; x_wconf 63' lang='lat' dir='ltr'><strong>guli</strong></span> <span class='ocrx_word' id='word_1_457' title='bbox 311 4283 491 4335; x_wconf 84' lang='lat' dir='ltr'><strong>eorum</strong></span> <span class='ocrx_word' id='word_1_458' title='bbox 533 4276 586 4320; x_wconf 89' lang='lat' dir='ltr'><strong>et</strong></span> <span class='ocrx_word' id='word_1_459' title='bbox 608 4266 831 4320; x_wconf 80' lang='lat' dir='ltr'><strong>sabbato</strong></span> <span class='ocrx_word' id='word_1_460' title='bbox 877 4265 1265 4333; x_wconf 89' lang='lat' dir='ltr'><strong>imponerentur</strong></span> <span class='ocrx_word' id='word_1_461' title='bbox 1295 4269 1345 4319; x_wconf 89' lang='lat' dir='ltr'><strong>in</strong></span> <span class='ocrx_word' id='word_1_462' title='bbox 1377 4279 1632 4326; x_wconf 85' lang='lat' dir='ltr'><strong>mensam,</strong></span> <span class='ocrx_word' id='word_1_463' title='bbox 1667 4274 1721 4317; x_wconf 90' lang='lat' dir='ltr'><strong>et</strong></span> 
     </span>
    </p>
   </div>
   <div class='ocr_carea' id='block_1_61' title="bbox 169 4359 1714 4425">
    <p class='ocr_par' dir='ltr' id='par_1_61' title="bbox 169 4359 1714 4425">
     <span class='ocr_line' id='line_1_61' title="bbox 169 4359 1714 4425; baseline -0.002 -11"><span class='ocrx_word' id='word_1_464' title='bbox 169 4359 400 4414; x_wconf 79' lang='lat' dir='ltr'><strong>sabbato</strong></span> <span class='ocrx_word' id='word_1_465' title='bbox 415 4375 621 4413; x_wconf 85' lang='lat' dir='ltr'><strong>rursum</strong></span> <span class='ocrx_word' id='word_1_466' title='bbox 636 4360 789 4411; x_wconf 82' lang='lat' dir='ltr'><strong>ablati</strong></span> <span class='ocrx_word' id='word_1_467' title='bbox 809 4361 857 4410; x_wconf 93' lang='lat' dir='ltr'><strong>in</strong></span> <span class='ocrx_word' id='word_1_468' title='bbox 871 4374 1016 4412; x_wconf 90' lang='lat' dir='ltr'><strong>esum</strong></span> <span class='ocrx_word' id='word_1_469' title='bbox 1037 4361 1344 4425; x_wconf 78' lang='lat' dir='ltr'><strong>proﬁcerent</strong></span> <span class='ocrx_word' id='word_1_470' title='bbox 1362 4359 1714 4412; x_wconf 83' lang='lat' dir='ltr'><strong>sacerdotum:</strong></span> 
     </span>
    </p>
   </div>
   <div class='ocr_carea' id='block_1_62' title="bbox 1820 1945 3357 2012">
    <p class='ocr_par' dir='ltr' id='par_1_62' title="bbox 1820 1945 3357 2012">
     <span class='ocr_line' id='line_1_62' title="bbox 1820 1945 3357 2012; baseline 0 -16"><span class='ocrx_word' id='word_1_471' title='bbox 1820 1954 1962 1996; x_wconf 88' lang='lat' dir='ltr'><strong>certe</strong></span> <span class='ocrx_word' id='word_1_472' title='bbox 1986 1957 2138 1997; x_wconf 81' lang='lat' dir='ltr'><strong>erunt</strong></span> <span class='ocrx_word' id='word_1_473' title='bbox 2163 1959 2321 2012; x_wconf 85' lang='lat' dir='ltr'><strong>panes</strong></span> <span class='ocrx_word' id='word_1_474' title='bbox 2351 1947 2514 1997; x_wconf 87' lang='lat' dir='ltr'><strong>sancti</strong></span> <span class='ocrx_word' id='word_1_475' title='bbox 2550 1947 2720 1998; x_wconf 86' lang='lat' dir='ltr'><strong>Aaron</strong></span> <span class='ocrx_word' id='word_1_476' title='bbox 2753 1955 2805 1998; x_wconf 93' lang='lat' dir='ltr'><strong>ct</strong></span> <span class='ocrx_word' id='word_1_477' title='bbox 2832 1945 3052 1997; x_wconf 91' lang='lat' dir='ltr'><strong>liliorum</strong></span> <span class='ocrx_word' id='word_1_478' title='bbox 3077 1945 3210 2010; x_wconf 83' lang='lat' dir='ltr'><strong>ejus,</strong></span> <span class='ocrx_word' id='word_1_479' title='bbox 3241 1959 3357 1996; x_wconf 90' lang='lat' dir='ltr'><strong>cum</strong></span> 
     </span>
    </p>
   </div>
   <div class='ocr_carea' id='block_1_63' title="bbox 1821 2019 3359 2101">
    <p class='ocr_par' dir='ltr' id='par_1_63' title="bbox 1821 2019 3359 2101">
     <span class='ocr_line' id='line_1_63' title="bbox 1821 2019 3359 2101; baseline -0.001 -16"><span class='ocrx_word' id='word_1_480' title='bbox 1821 2034 2071 2100; x_wconf 68' lang='lat' dir='ltr'><strong>ptmsulcs</strong></span> <span class='ocrx_word' id='word_1_481' title='bbox 2095 2019 2308 2101; x_wconf 82' lang='lat' dir='ltr'><strong>quique,</strong></span> <span class='ocrx_word' id='word_1_482' title='bbox 2339 2042 2393 2087; x_wconf 87' lang='lat' dir='ltr'><strong>et</strong></span> <span class='ocrx_word' id='word_1_483' title='bbox 2418 2034 2640 2101; x_wconf 87' lang='lat' dir='ltr'><strong>subjecti</strong></span> <span class='ocrx_word' id='word_1_484' title='bbox 2674 2035 2774 2087; x_wconf 81' lang='lat' dir='ltr'><strong>illis</strong></span> <span class='ocrx_word' id='word_1_485' title='bbox 2821 2033 2871 2087; x_wconf 90' lang='lat' dir='ltr'><strong>in</strong></span> <span class='ocrx_word' id='word_1_486' title='bbox 2899 2033 3120 2087; x_wconf 86' lang='lat' dir='ltr'><strong>Domino</strong></span> <span class='ocrx_word' id='word_1_487' title='bbox 3164 2033 3359 2101; x_wconf 85' lang='lat' dir='ltr'><strong>populi,</strong></span> 
     </span>
    </p>
   </div>
   <div class='ocr_carea' id='block_1_64' title="bbox 1818 2123 3351 2192">
    <p class='ocr_par' dir='ltr' id='par_1_64' title="bbox 1818 2123 3351 2192">
     <span class='ocr_line' id='line_1_64' title="bbox 1818 2123 3351 2192; baseline 0.001 -17"><span class='ocrx_word' id='word_1_488' title='bbox 1818 2123 2069 2189; x_wconf 79' lang='lat' dir='ltr'><strong>exemplis</strong></span> <span class='ocrx_word' id='word_1_489' title='bbox 2100 2133 2300 2189; x_wconf 89' lang='lat' dir='ltr'><strong>patrum</strong></span> <span class='ocrx_word' id='word_1_490' title='bbox 2331 2123 2730 2192; x_wconf 63' lang='lat' dir='ltr'><strong>prmcedentium</strong></span> <span class='ocrx_word' id='word_1_491' title='bbox 2761 2125 2825 2178; x_wconf 90' lang='lat' dir='ltr'><strong>ad</strong></span> <span class='ocrx_word' id='word_1_492' title='bbox 2857 2124 3014 2178; x_wconf 86' lang='lat' dir='ltr'><strong>vitam</strong></span> <span class='ocrx_word' id='word_1_493' title='bbox 3053 2130 3351 2178; x_wconf 82' lang='lat' dir='ltr'><strong>nutriuntur</strong></span> 
     </span>
    </p>
   </div>
   <div class='ocr_carea' id='block_1_65' title="bbox 1817 2222 2085 2266">
    <p class='ocr_par' dir='ltr' id='par_1_65' title="bbox 1817 2222 2085 2266">
     <span class='ocr_line' id='line_1_65' title="bbox 1817 2222 2085 2266; baseline 0.007 -2"><span class='ocrx_word' id='word_1_494' title='bbox 1817 2222 2085 2266; x_wconf 74' lang='lat' dir='ltr'><strong>mlcrttant.</strong></span> 
     </span>
    </p>
   </div>
   <div class='ocr_carea' id='block_1_66' title="bbox 2262 2301 2837 2364">
    <p class='ocr_par' dir='ltr' id='par_1_66' title="bbox 2262 2301 2837 2364">
     <span class='ocr_line' id='line_1_66' title="bbox 2262 2301 2837 2364; baseline 0.003 -10"><span class='ocrx_word' id='word_1_495' title='bbox 2262 2353 2290 2364; x_wconf 34' lang='grc' dir='ltr'><em>Α</em></span> <span class='ocrx_word' id='word_1_496' title='bbox 2335 2301 2615 2355; x_wconf 82' lang='lat' dir='ltr'><strong>CAPUT</strong></span> <span class='ocrx_word' id='word_1_497' title='bbox 2712 2301 2837 2356; x_wconf 71' lang='lat' dir='ltr'><strong>VIII.</strong></span> 
     </span>
    </p>
   </div>
   <div class='ocr_carea' id='block_1_67' title="bbox 2390 2393 2772 2447">
    <p class='ocr_par' dir='ltr' id='par_1_67' title="bbox 2390 2393 2772 2447">
     <span class='ocr_line' id='line_1_67' title="bbox 2390 2393 2772 2447; baseline -0.008 0"><span class='ocrx_word' id='word_1_498' title='bbox 2390 2393 2772 2447; x_wconf 83' lang='lat' dir='ltr'><strong>Candelabrum.</strong></span> 
     </span>
    </p>
   </div>
   <div class='ocr_carea' id='block_1_68' title="bbox 1893 2480 3356 2550">
    <p class='ocr_par' dir='ltr' id='par_1_68' title="bbox 1893 2480 3356 2550">
     <span class='ocr_line' id='line_1_68' title="bbox 1893 2480 3356 2550; baseline 0.001 -17"><span class='ocrx_word' id='word_1_499' title='bbox 1893 2480 2068 2536; x_wconf 74' lang='lat' dir='ltr'><strong>Facies</strong></span> <span class='ocrx_word' id='word_1_500' title='bbox 2097 2491 2142 2535; x_wconf 87' lang='lat' dir='ltr'><strong>et</strong></span> <span class='ocrx_word' id='word_1_501' title='bbox 2194 2484 2546 2537; x_wconf 81' lang='lat' dir='ltr'><strong>candelabrum</strong></span> <span class='ocrx_word' id='word_1_502' title='bbox 2589 2482 2774 2536; x_wconf 80' lang='lat' dir='ltr'><strong>ductile</strong></span> <span class='ocrx_word' id='word_1_503' title='bbox 2821 2483 2881 2535; x_wconf 87' lang='lat' dir='ltr'><strong>de</strong></span> <span class='ocrx_word' id='word_1_504' title='bbox 2919 2498 3041 2534; x_wconf 88' lang='lat' dir='ltr'><strong>auro</strong></span> <span class='ocrx_word' id='word_1_505' title='bbox 3071 2483 3356 2550; x_wconf 84' lang='lat' dir='ltr'><strong>purissimo.</strong></span> 
     </span>
    </p>
   </div>
   <div class='ocr_carea' id='block_1_69' title="bbox 1819 2573 3357 2637">
    <p class='ocr_par' dir='ltr' id='par_1_69' title="bbox 1819 2573 3357 2637">
     <span class='ocr_line' id='line_1_69' title="bbox 1819 2573 3357 2637; baseline -0.003 -10"><span class='ocrx_word' id='word_1_506' title='bbox 1819 2573 2216 2628; x_wconf 76' lang='lat' dir='ltr'><strong>Candelabrum</strong></span> <span class='ocrx_word' id='word_1_507' title='bbox 2245 2574 2584 2637; x_wconf 85' lang='lat' dir='ltr'><strong>tabernaculi,</strong></span> <span class='ocrx_word' id='word_1_508' title='bbox 2625 2574 2758 2626; x_wconf 85' lang='lat' dir='ltr'><strong>sicut</strong></span> <span class='ocrx_word' id='word_1_509' title='bbox 2786 2583 2836 2626; x_wconf 85' lang='lat' dir='ltr'><strong>et</strong></span> <span class='ocrx_word' id='word_1_510' title='bbox 2863 2588 3059 2635; x_wconf 86' lang='lat' dir='ltr'><strong>tnettsa,</strong></span> <span class='ocrx_word' id='word_1_511' title='bbox 3094 2573 3357 2626; x_wconf 69' lang='lat' dir='ltr'><strong>universa-</strong></span> 
     </span>
    </p>
   </div>
   <div class='ocr_carea' id='block_1_70' title="bbox 1821 2664 3352 2734">
    <p class='ocr_par' dir='ltr' id='par_1_70' title="bbox 1821 2664 3352 2734">
     <span class='ocr_line' id='line_1_70' title="bbox 1821 2664 3352 2734; baseline -0.002 -18"><span class='ocrx_word' id='word_1_512' title='bbox 1821 2664 1921 2717; x_wconf 87' lang='lat' dir='ltr'><strong>letn</strong></span> <span class='ocrx_word' id='word_1_513' title='bbox 1947 2665 2215 2730; x_wconf 68' lang='lat' dir='ltr'><strong>prmsentis</strong></span> <span class='ocrx_word' id='word_1_514' title='bbox 2230 2666 2479 2734; x_wconf 79' lang='lat' dir='ltr'><strong>temporis</strong></span> <span class='ocrx_word' id='word_1_515' title='bbox 2502 2665 2785 2720; x_wconf 86' lang='lat' dir='ltr'><strong>Ecclesiam</strong></span> <span class='ocrx_word' id='word_1_516' title='bbox 2803 2665 3058 2732; x_wconf 80' lang='lat' dir='ltr'><strong>designat.</strong></span> <span class='ocrx_word' id='word_1_517' title='bbox 3075 2664 3191 2715; x_wconf 78' lang='lat' dir='ltr'><strong>Ideo</strong></span> <span class='ocrx_word' id='word_1_518' title='bbox 3204 2679 3352 2715; x_wconf 86' lang='lat' dir='ltr'><strong>nam-</strong></span> 
     </span>
    </p>
   </div>
   <div class='ocr_carea' id='block_1_71' title="bbox 1818 2756 3356 2824">
    <p class='ocr_par' dir='ltr' id='par_1_71' title="bbox 1818 2756 3356 2824">
     <span class='ocr_line' id='line_1_71' title="bbox 1818 2756 3356 2824; baseline 0 -21"><span class='ocrx_word' id='word_1_519' title='bbox 1818 2768 1921 2818; x_wconf 90' lang='lat' dir='ltr'><strong>qne</strong></span> <span class='ocrx_word' id='word_1_520' title='bbox 1963 2766 2082 2808; x_wconf 89' lang='lat' dir='ltr'><strong>sunt</strong></span> <span class='ocrx_word' id='word_1_521' title='bbox 2113 2765 2233 2808; x_wconf 84' lang='lat' dir='ltr'><strong>ante</strong></span> <span class='ocrx_word' id='word_1_522' title='bbox 2278 2756 2474 2820; x_wconf 82' lang='lat' dir='ltr'><strong>velum,</strong></span> <span class='ocrx_word' id='word_1_523' title='bbox 2535 2757 2665 2809; x_wconf 90' lang='lat' dir='ltr'><strong>intra</strong></span> <span class='ocrx_word' id='word_1_524' title='bbox 2699 2757 2834 2824; x_wconf 91' lang='lat' dir='ltr'><strong>quod</strong></span> <span class='ocrx_word' id='word_1_525' title='bbox 2891 2771 3011 2808; x_wconf 86' lang='lat' dir='ltr'><strong>arca</strong></span> <span class='ocrx_word' id='word_1_526' title='bbox 3063 2757 3356 2808; x_wconf 83' lang='lat' dir='ltr'><strong>testamenti</strong></span> 
     </span>
    </p>
   </div>
   <div class='ocr_carea' id='block_1_72' title="bbox 1820 2842 3357 2911">
    <p class='ocr_par' dir='ltr' id='par_1_72' title="bbox 1820 2842 3357 2911">
     <span class='ocr_line' id='line_1_72' title="bbox 1820 2842 3357 2911; baseline 0.005 -23"><span class='ocrx_word' id='word_1_527' title='bbox 1820 2842 1984 2904; x_wconf 85' lang='lat' dir='ltr'><strong>posita</strong></span> <span class='ocrx_word' id='word_1_528' title='bbox 2015 2853 2129 2905; x_wconf 83' lang='lat' dir='ltr'><strong>est;</strong></span> <span class='ocrx_word' id='word_1_529' title='bbox 2163 2844 2281 2911; x_wconf 89' lang='lat' dir='ltr'><strong>quia</strong></span> <span class='ocrx_word' id='word_1_530' title='bbox 2326 2845 2547 2898; x_wconf 89' lang='lat' dir='ltr'><strong>necdum</strong></span> <span class='ocrx_word' id='word_1_531' title='bbox 2596 2847 2658 2896; x_wconf 88' lang='lat' dir='ltr'><strong>ad</strong></span> <span class='ocrx_word' id='word_1_532' title='bbox 2704 2847 2956 2898; x_wconf 85' lang='lat' dir='ltr'><strong>visionem</strong></span> <span class='ocrx_word' id='word_1_533' title='bbox 2987 2846 3034 2896; x_wconf 91' lang='lat' dir='ltr'><strong>in</strong></span> <span class='ocrx_word' id='word_1_534' title='bbox 3076 2846 3222 2896; x_wconf 80' lang='lat' dir='ltr'><strong>caelis</strong></span> <span class='ocrx_word' id='word_1_535' title='bbox 3276 2844 3357 2897; x_wconf 81' lang='lat' dir='ltr'><strong>Sui</strong></span> 
     </span>
    </p>
   </div>
   <div class='ocr_carea' id='block_1_73' title="bbox 1820 2927 3351 2998">
    <p class='ocr_par' dir='ltr' id='par_1_73' title="bbox 1820 2927 3351 2998">
     <span class='ocr_line' id='line_1_73' title="bbox 1820 2927 3351 2998; baseline 0.003 -19"><span class='ocrx_word' id='word_1_536' title='bbox 1820 2927 2180 2994; x_wconf 82' lang='lat' dir='ltr'><strong>lledemptoris</strong></span> <span class='ocrx_word' id='word_1_537' title='bbox 2204 2934 2393 2985; x_wconf 88' lang='lat' dir='ltr'><strong>meruit</strong></span> <span class='ocrx_word' id='word_1_538' title='bbox 2424 2934 2718 2984; x_wconf 85' lang='lat' dir='ltr'><strong>intromitti.</strong></span> <span class='ocrx_word' id='word_1_539' title='bbox 2747 2933 2848 2986; x_wconf 87' lang='lat' dir='ltr'><strong>Sed</strong></span> <span class='ocrx_word' id='word_1_540' title='bbox 2879 2948 3059 2986; x_wconf 88' lang='lat' dir='ltr'><strong>mensa</strong></span> <span class='ocrx_word' id='word_1_541' title='bbox 3087 2943 3200 2995; x_wconf 81' lang='lat' dir='ltr'><strong>est;</strong></span> <span class='ocrx_word' id='word_1_542' title='bbox 3232 2934 3351 2998; x_wconf 83' lang='lat' dir='ltr'><strong>quia</strong></span> 
     </span>
    </p>
   </div>
   <div class='ocr_carea' id='block_1_74' title="bbox 1818 3018 3356 3091">
    <p class='ocr_par' dir='ltr' id='par_1_74' title="bbox 1818 3018 3356 3091">
     <span class='ocr_line' id='line_1_74' title="bbox 1818 3018 3356 3091; baseline 0.003 -24"><span class='ocrx_word' id='word_1_543' title='bbox 1818 3018 1892 3069; x_wconf 83' lang='lat' dir='ltr'><strong>Itis</strong></span> <span class='ocrx_word' id='word_1_544' title='bbox 1929 3019 2014 3084; x_wconf 86' lang='lat' dir='ltr'><strong>qui</strong></span> <span class='ocrx_word' id='word_1_545' title='bbox 2053 3021 2274 3072; x_wconf 79' lang='lat' dir='ltr'><strong>eturiunt</strong></span> <span class='ocrx_word' id='word_1_546' title='bbox 2302 3031 2347 3072; x_wconf 82' lang='lat' dir='ltr'><strong>et</strong></span> <span class='ocrx_word' id='word_1_547' title='bbox 2392 3023 2565 3074; x_wconf 73' lang='lat' dir='ltr'><strong>sitiunt</strong></span> <span class='ocrx_word' id='word_1_548' title='bbox 2597 3023 2866 3091; x_wconf 80' lang='lat' dir='ltr'><strong>justitiam,</strong></span> <span class='ocrx_word' id='word_1_549' title='bbox 2899 3021 3088 3071; x_wconf 76' lang='lat' dir='ltr'><strong>victum</strong></span> <span class='ocrx_word' id='word_1_550' title='bbox 3127 3021 3356 3086; x_wconf 83' lang='lat' dir='ltr'><strong>quotidie</strong></span> 
     </span>
    </p>
   </div>
   <div class='ocr_carea' id='block_1_75' title="bbox 1821 3105 3355 3173">
    <p class='ocr_par' dir='ltr' id='par_1_75' title="bbox 1821 3105 3355 3173">
     <span class='ocr_line' id='line_1_75' title="bbox 1821 3105 3355 3173; baseline 0.005 -17"><span class='ocrx_word' id='word_1_551' title='bbox 1821 3105 2105 3168; x_wconf 79' lang='lat' dir='ltr'><strong>cu-lestem,</strong></span> <span class='ocrx_word' id='word_1_552' title='bbox 2156 3123 2221 3160; x_wconf 89' lang='lat' dir='ltr'><strong>ne</strong></span> <span class='ocrx_word' id='word_1_553' title='bbox 2271 3110 2319 3160; x_wconf 91' lang='lat' dir='ltr'><strong>in</strong></span> <span class='ocrx_word' id='word_1_554' title='bbox 2371 3109 2738 3163; x_wconf 73' lang='lat' dir='ltr'><strong>tentatimtibus</strong></span> <span class='ocrx_word' id='word_1_555' title='bbox 2782 3109 3040 3173; x_wconf 60' lang='lat' dir='ltr'><strong>deliniant,</strong></span> <span class='ocrx_word' id='word_1_556' title='bbox 3083 3109 3355 3172; x_wconf 89' lang='lat' dir='ltr'><strong>impendit.</strong></span> 
     </span>
    </p>
   </div>
   <div class='ocr_carea' id='block_1_76' title="bbox 1827 3194 3357 3265">
    <p class='ocr_par' dir='ltr' id='par_1_76' title="bbox 1827 3194 3357 3265">
     <span class='ocr_line' id='line_1_76' title="bbox 1827 3194 3357 3265; baseline 0.003 -19"><span class='ocrx_word' id='word_1_557' title='bbox 1827 3194 2207 3247; x_wconf 82' lang='lat' dir='ltr'><strong>Candelabrum</strong></span> <span class='ocrx_word' id='word_1_558' title='bbox 2237 3207 2344 3261; x_wconf 88' lang='lat' dir='ltr'><strong>est;</strong></span> <span class='ocrx_word' id='word_1_559' title='bbox 2375 3198 2491 3265; x_wconf 88' lang='lat' dir='ltr'><strong>quia</strong></span> <span class='ocrx_word' id='word_1_560' title='bbox 2525 3201 2621 3252; x_wconf 84' lang='lat' dir='ltr'><strong>i&#39;cr</strong></span> <span class='ocrx_word' id='word_1_561' title='bbox 2645 3199 2773 3253; x_wconf 84' lang='lat' dir='ltr'><strong>lucis</strong></span> <span class='ocrx_word' id='word_1_562' title='bbox 2795 3199 3086 3254; x_wconf 89' lang='lat' dir='ltr'><strong>errantibus</strong></span> <span class='ocrx_word' id='word_1_563' title='bbox 3107 3201 3357 3254; x_wconf 74' lang='lat' dir='ltr'><strong>ostendit.</strong></span> 
     </span>
    </p>
   </div>
   <div class='ocr_carea' id='block_1_77' title="bbox 1828 3283 3357 3356">
    <p class='ocr_par' dir='ltr' id='par_1_77' title="bbox 1828 3283 3357 3356">
     <span class='ocr_line' id='line_1_77' title="bbox 1828 3283 3357 3356; baseline 0.005 -21"><span class='ocrx_word' id='word_1_564' title='bbox 1828 3283 2002 3336; x_wconf 84' lang='lat' dir='ltr'><strong>Mensa</strong></span> <span class='ocrx_word' id='word_1_565' title='bbox 2035 3285 2225 3351; x_wconf 79' lang='lat' dir='ltr'><strong>pariter</strong></span> <span class='ocrx_word' id='word_1_566' title='bbox 2253 3296 2304 3338; x_wconf 91' lang='lat' dir='ltr'><strong>ct</strong></span> <span class='ocrx_word' id='word_1_567' title='bbox 2330 3287 2700 3341; x_wconf 82' lang='lat' dir='ltr'><strong>candelabrum</strong></span> <span class='ocrx_word' id='word_1_568' title='bbox 2729 3300 2842 3353; x_wconf 84' lang='lat' dir='ltr'><strong>est;</strong></span> <span class='ocrx_word' id='word_1_569' title='bbox 2871 3289 2988 3356; x_wconf 88' lang='lat' dir='ltr'><strong>quia</strong></span> <span class='ocrx_word' id='word_1_570' title='bbox 3018 3291 3207 3342; x_wconf 82' lang='lat' dir='ltr'><strong>sanctis</strong></span> <span class='ocrx_word' id='word_1_571' title='bbox 3237 3290 3357 3343; x_wconf 83' lang='lat' dir='ltr'><strong>edo-</strong></span> 
     </span>
    </p>
   </div>
   <div class='ocr_carea' id='block_1_78' title="bbox 1825 3369 3356 3439">
    <p class='ocr_par' dir='ltr' id='par_1_78' title="bbox 1825 3369 3356 3439">
     <span class='ocr_line' id='line_1_78' title="bbox 1825 3369 3356 3439; baseline 0.003 -15"><span class='ocrx_word' id='word_1_572' title='bbox 1825 3383 1905 3424; x_wconf 85' lang='lat' dir='ltr'><strong>ota</strong></span> <span class='ocrx_word' id='word_1_573' title='bbox 1941 3373 2142 3434; x_wconf 87' lang='lat' dir='ltr'><strong>litteris,</strong></span> <span class='ocrx_word' id='word_1_574' title='bbox 2174 3385 2225 3427; x_wconf 88' lang='lat' dir='ltr'><strong>et</strong></span> <span class='ocrx_word' id='word_1_575' title='bbox 2254 3379 2478 3428; x_wconf 86' lang='lat' dir='ltr'><strong>animam</strong></span> <span class='ocrx_word' id='word_1_576' title='bbox 2508 3369 2823 3430; x_wconf 80' lang='lat' dir='ltr'><strong>esurientem</strong></span> <span class='ocrx_word' id='word_1_577' title='bbox 2871 3379 3059 3430; x_wconf 77' lang='lat' dir='ltr'><strong>satiare</strong></span> <span class='ocrx_word' id='word_1_578' title='bbox 3107 3378 3270 3439; x_wconf 86' lang='lat' dir='ltr'><strong>bonis,</strong></span> <span class='ocrx_word' id='word_1_579' title='bbox 3302 3388 3356 3429; x_wconf 78' lang='grc' dir='ltr'><strong>ιιι</strong></span> 
     </span>
    </p>
   </div>
   <div class='ocr_carea' id='block_1_79' title="bbox 1824 3464 3351 3532">
    <p class='ocr_par' dir='ltr' id='par_1_79' title="bbox 1824 3464 3351 3532">
     <span class='ocr_line' id='line_1_79' title="bbox 1824 3464 3351 3532; baseline 0.001 -16"><span class='ocrx_word' id='word_1_580' title='bbox 1824 3464 2126 3517; x_wconf 88' lang='lat' dir='ltr'><strong>sedentibus</strong></span> <span class='ocrx_word' id='word_1_581' title='bbox 2156 3465 2204 3515; x_wconf 92' lang='lat' dir='ltr'><strong>in</strong></span> <span class='ocrx_word' id='word_1_582' title='bbox 2239 3465 2468 3517; x_wconf 87' lang='lat' dir='ltr'><strong>tenebris</strong></span> <span class='ocrx_word' id='word_1_583' title='bbox 2513 3471 2667 3532; x_wconf 83' lang='lat' dir='ltr'><strong>atque</strong></span> <span class='ocrx_word' id='word_1_584' title='bbox 2718 3467 2897 3518; x_wconf 88' lang='lat' dir='ltr'><strong>umbra</strong></span> <span class='ocrx_word' id='word_1_585' title='bbox 2948 3467 3126 3518; x_wconf 90' lang='lat' dir='ltr'><strong>mortis</strong></span> <span class='ocrx_word' id='word_1_586' title='bbox 3180 3467 3351 3518; x_wconf 81' lang='lat' dir='ltr'><strong>lucer—</strong></span> 
     </span>
    </p>
   </div>
   <div class='ocr_carea' id='block_1_80' title="bbox 1825 3553 3352 3608">
    <p class='ocr_par' dir='ltr' id='par_1_80' title="bbox 1825 3553 3352 3608">
     <span class='ocr_line' id='line_1_80' title="bbox 1825 3553 3352 3608; baseline 0.001 -1"><span class='ocrx_word' id='word_1_587' title='bbox 1825 3571 1942 3607; x_wconf 88' lang='lat' dir='ltr'><strong>nam</strong></span> <span class='ocrx_word' id='word_1_588' title='bbox 1974 3555 2114 3606; x_wconf 88' lang='lat' dir='ltr'><strong>verbi</strong></span> <span class='ocrx_word' id='word_1_589' title='bbox 2156 3553 2551 3608; x_wconf 86' lang='lat' dir='ltr'><strong>subministrare</strong></span> <span class='ocrx_word' id='word_1_590' title='bbox 2602 3555 2798 3608; x_wconf 88' lang='lat' dir='ltr'><strong>didicit.</strong></span> <span class='ocrx_word' id='word_1_591' title='bbox 2851 3557 2943 3608; x_wconf 80' lang='lat' dir='ltr'><strong>Cui</strong></span> <span class='ocrx_word' id='word_1_592' title='bbox 2988 3556 3227 3608; x_wconf 69' lang='lat' dir='ltr'><strong>nim&#39;rum</strong></span> <span class='ocrx_word' id='word_1_593' title='bbox 3275 3556 3352 3608; x_wconf 86' lang='lat' dir='ltr'><strong>lu-</strong></span> 
     </span>
    </p>
   </div>
   <div class='ocr_carea' id='block_1_81' title="bbox 1821 3641 3356 3711">
    <p class='ocr_par' dir='ltr' id='par_1_81' title="bbox 1821 3641 3356 3711">
     <span class='ocr_line' id='line_1_81' title="bbox 1821 3641 3356 3711; baseline 0.003 -19"><span class='ocrx_word' id='word_1_594' title='bbox 1821 3655 1990 3693; x_wconf 78' lang='lat' dir='ltr'><strong>cerna:</strong></span> <span class='ocrx_word' id='word_1_595' title='bbox 2011 3641 2134 3692; x_wconf 91' lang='lat' dir='ltr'><strong>dum</strong></span> <span class='ocrx_word' id='word_1_596' title='bbox 2163 3655 2281 3694; x_wconf 88' lang='lat' dir='ltr'><strong>sese</strong></span> <span class='ocrx_word' id='word_1_597' title='bbox 2313 3641 2578 3694; x_wconf 89' lang='lat' dir='ltr'><strong>butniliter</strong></span> <span class='ocrx_word' id='word_1_598' title='bbox 2606 3644 2848 3709; x_wconf 82' lang='lat' dir='ltr'><strong>subjecit,</strong></span> <span class='ocrx_word' id='word_1_599' title='bbox 2877 3645 2939 3696; x_wconf 88' lang='lat' dir='ltr'><strong>ad</strong></span> <span class='ocrx_word' id='word_1_600' title='bbox 2987 3645 3182 3711; x_wconf 82' lang='lat' dir='ltr'><strong>agenda</strong></span> <span class='ocrx_word' id='word_1_601' title='bbox 3212 3645 3356 3697; x_wconf 75' lang='lat' dir='ltr'><strong>vide-</strong></span> 
     </span>
    </p>
   </div>
   <div class='ocr_carea' id='block_1_82' title="bbox 1820 3725 3355 3802">
    <p class='ocr_par' dir='ltr' id='par_1_82' title="bbox 1820 3725 3355 3802">
     <span class='ocr_line' id='line_1_82' title="bbox 1820 3725 3355 3802; baseline 0.002 -19"><span class='ocrx_word' id='word_1_602' title='bbox 1820 3725 1964 3794; x_wconf 84' lang='lat' dir='ltr'><strong>licet,</strong></span> <span class='ocrx_word' id='word_1_603' title='bbox 1995 3747 2108 3800; x_wconf 79' lang='lat' dir='ltr'><strong>qua:</strong></span> <span class='ocrx_word' id='word_1_604' title='bbox 2140 3732 2228 3786; x_wconf 86' lang='lat' dir='ltr'><strong>Dei</strong></span> <span class='ocrx_word' id='word_1_605' title='bbox 2255 3746 2428 3786; x_wconf 89' lang='lat' dir='ltr'><strong>sermo</strong></span> <span class='ocrx_word' id='word_1_606' title='bbox 2459 3734 2711 3802; x_wconf 72' lang='lat' dir='ltr'><strong>prmcipit,</strong></span> <span class='ocrx_word' id='word_1_607' title='bbox 2743 3750 2769 3784; x_wconf 67' lang='grc' dir='ltr'>ει</span> <span class='ocrx_word' id='word_1_608' title='bbox 2795 3735 2900 3785; x_wconf 85' lang='lat' dir='ltr'><strong>suis</strong></span> <span class='ocrx_word' id='word_1_609' title='bbox 2928 3749 2983 3786; x_wconf 81' lang='lat' dir='ltr'><strong>se</strong></span> <span class='ocrx_word' id='word_1_610' title='bbox 3014 3735 3355 3801; x_wconf 67' lang='lat' dir='ltr'><strong>voluptatibus</strong></span> 
     </span>
    </p>
   </div>
   <div class='ocr_carea' id='block_1_83' title="bbox 1820 3821 3360 3892">
    <p class='ocr_par' dir='ltr' id='par_1_83' title="bbox 1820 3821 3360 3892">
     <span class='ocr_line' id='line_1_83' title="bbox 1820 3821 3360 3892; baseline -0.001 -17"><span class='ocrx_word' id='word_1_611' title='bbox 1820 3821 2089 3884; x_wconf 88' lang='lat' dir='ltr'><strong>cohibens,</strong></span> <span class='ocrx_word' id='word_1_612' title='bbox 2117 3822 2182 3875; x_wconf 85' lang='lat' dir='ltr'><strong>ad</strong></span> <span class='ocrx_word' id='word_1_613' title='bbox 2213 3824 2469 3892; x_wconf 85' lang='lat' dir='ltr'><strong>speranda</strong></span> <span class='ocrx_word' id='word_1_614' title='bbox 2495 3825 2700 3891; x_wconf 64' lang='lat' dir='ltr'><strong>puctnia</strong></span> <span class='ocrx_word' id='word_1_615' title='bbox 2722 3839 2781 3877; x_wconf 88' lang='lat' dir='ltr'><strong>ac</strong></span> <span class='ocrx_word' id='word_1_616' title='bbox 2806 3825 3065 3892; x_wconf 82' lang='lat' dir='ltr'><strong>diligenda</strong></span> <span class='ocrx_word' id='word_1_617' title='bbox 3094 3841 3208 3892; x_wconf 53' lang='lat' dir='ltr'><strong>quie</strong></span> <span class='ocrx_word' id='word_1_618' title='bbox 3239 3840 3360 3892; x_wconf 83' lang='lat' dir='ltr'><strong>pro-</strong></span> 
     </span>
    </p>
   </div>
   <div class='ocr_carea' id='block_1_84' title="bbox 1823 3910 3356 3980">
    <p class='ocr_par' dir='ltr' id='par_1_84' title="bbox 1823 3910 3356 3980">
     <span class='ocr_line' id='line_1_84' title="bbox 1823 3910 3356 3980; baseline 0.001 -18"><span class='ocrx_word' id='word_1_619' title='bbox 1823 3911 1985 3976; x_wconf 88' lang='lat' dir='ltr'><strong>misit,</strong></span> <span class='ocrx_word' id='word_1_620' title='bbox 2015 3927 2044 3964; x_wconf 87' lang='lat' dir='ltr'><strong>a</strong></span> <span class='ocrx_word' id='word_1_621' title='bbox 2076 3910 2366 3965; x_wconf 78' lang='lat' dir='ltr'><strong>visibilibus</strong></span> <span class='ocrx_word' id='word_1_622' title='bbox 2394 3927 2450 3966; x_wconf 91' lang='lat' dir='ltr'><strong>se</strong></span> <span class='ocrx_word' id='word_1_623' title='bbox 2477 3912 2677 3980; x_wconf 77' lang='lat' dir='ltr'><strong>gaudiis</strong></span> <span class='ocrx_word' id='word_1_624' title='bbox 2714 3913 3016 3977; x_wconf 85' lang='lat' dir='ltr'><strong>sustollens,</strong></span> <span class='ocrx_word' id='word_1_625' title='bbox 3046 3911 3192 3979; x_wconf 62' lang='lat' dir='ltr'><strong>quasi</strong></span> <span class='ocrx_word' id='word_1_626' title='bbox 3230 3929 3356 3965; x_wconf 89' lang='lat' dir='ltr'><strong>can-</strong></span> 
     </span>
    </p>
   </div>
   <div class='ocr_carea' id='block_1_85' title="bbox 1820 4000 3353 4070">
    <p class='ocr_par' dir='ltr' id='par_1_85' title="bbox 1820 4000 3353 4070">
     <span class='ocr_line' id='line_1_85' title="bbox 1820 4000 3353 4070; baseline -0.002 -14"><span class='ocrx_word' id='word_1_627' title='bbox 1820 4002 2092 4056; x_wconf 83' lang='lat' dir='ltr'><strong>delabrum</strong></span> <span class='ocrx_word' id='word_1_628' title='bbox 2124 4001 2237 4070; x_wconf 84' lang='lat' dir='ltr'><strong>ejus</strong></span> <span class='ocrx_word' id='word_1_629' title='bbox 2278 4001 2528 4065; x_wconf 76' lang='lat' dir='ltr'><strong>el’licitur;</strong></span> <span class='ocrx_word' id='word_1_630' title='bbox 2560 4001 2675 4067; x_wconf 91' lang='lat' dir='ltr'><strong>quia</strong></span> <span class='ocrx_word' id='word_1_631' title='bbox 2705 4001 2814 4053; x_wconf 80' lang='lat' dir='ltr'><strong>suis</strong></span> <span class='ocrx_word' id='word_1_632' title='bbox 2863 4015 2955 4066; x_wconf 90' lang='lat' dir='ltr'><strong>per</strong></span> <span class='ocrx_word' id='word_1_633' title='bbox 2997 4001 3168 4052; x_wconf 85' lang='lat' dir='ltr'><strong>ouiuia</strong></span> <span class='ocrx_word' id='word_1_634' title='bbox 3207 4000 3353 4053; x_wconf 81' lang='grc' dir='ltr'><strong>νυΙιι-</strong></span> 
     </span>
    </p>
   </div>
   <div class='ocr_carea' id='block_1_86' title="bbox 1821 4085 3356 4158">
    <p class='ocr_par' dir='ltr' id='par_1_86' title="bbox 1821 4085 3356 4158">
     <span class='ocr_line' id='line_1_86' title="bbox 1821 4085 3356 4158; baseline -0.003 -15"><span class='ocrx_word' id='word_1_635' title='bbox 1821 4092 2048 4158; x_wconf 87' lang='lat' dir='ltr'><strong>ptatibus</strong></span> <span class='ocrx_word' id='word_1_636' title='bbox 2077 4091 2351 4156; x_wconf 87' lang='lat' dir='ltr'><strong>imperium</strong></span> <span class='ocrx_word' id='word_1_637' title='bbox 2377 4089 2589 4142; x_wconf 70' lang='lat' dir='ltr'><strong>cmleste</strong></span> <span class='ocrx_word' id='word_1_638' title='bbox 2618 4085 2889 4154; x_wconf 76' lang='lat' dir='ltr'><strong>pra-ponit,</strong></span> <span class='ocrx_word' id='word_1_639' title='bbox 2932 4101 3152 4154; x_wconf 75' lang='lat' dir='ltr'><strong>seseque</strong></span> <span class='ocrx_word' id='word_1_640' title='bbox 3182 4086 3356 4138; x_wconf 88' lang='lat' dir='ltr'><strong>humi-</strong></span> 
     </span>
    </p>
   </div>
   <div class='ocr_carea' id='block_1_87' title="bbox 1821 4176 3357 4244">
    <p class='ocr_par' dir='ltr' id='par_1_87' title="bbox 1821 4176 3357 4244">
     <span class='ocr_line' id='line_1_87' title="bbox 1821 4176 3357 4244; baseline -0.001 -13"><span class='ocrx_word' id='word_1_641' title='bbox 1821 4179 1953 4231; x_wconf 85' lang='lat' dir='ltr'><strong>lians</strong></span> <span class='ocrx_word' id='word_1_642' title='bbox 1983 4180 2275 4232; x_wconf 87' lang='lat' dir='ltr'><strong>claritatem</strong></span> <span class='ocrx_word' id='word_1_643' title='bbox 2318 4178 2460 4229; x_wconf 71' lang='lat' dir='ltr'><strong>Verbi</strong></span> <span class='ocrx_word' id='word_1_644' title='bbox 2494 4177 2582 4230; x_wconf 89' lang='lat' dir='ltr'><strong>Dei</strong></span> <span class='ocrx_word' id='word_1_645' title='bbox 2621 4176 2884 4240; x_wconf 75' lang='lat' dir='ltr'><strong>omnibus,</strong></span> <span class='ocrx_word' id='word_1_646' title='bbox 2929 4184 2985 4230; x_wconf 91' lang='lat' dir='ltr'><strong>et</strong></span> <span class='ocrx_word' id='word_1_647' title='bbox 3027 4176 3357 4244; x_wconf 69' lang='lat' dir='ltr'><strong>prtcdcando</strong></span> 
     </span>
    </p>
   </div>
   <div class='ocr_carea' id='block_1_88' title="bbox 1818 4255 2556 4334">
    <p class='ocr_par' dir='ltr' id='par_1_88' title="bbox 1818 4255 2556 4334">
     <span class='ocr_line' id='line_1_88' title="bbox 1818 4255 2556 4334; baseline -0.003 -12"><span class='ocrx_word' id='word_1_648' title='bbox 1818 4276 1873 4322; x_wconf 90' lang='lat' dir='ltr'><strong>ct</strong></span> <span class='ocrx_word' id='word_1_649' title='bbox 1901 4268 2135 4321; x_wconf 74' lang='lat' dir='ltr'><strong>iaciendo</strong></span> <span class='ocrx_word' id='word_1_650' title='bbox 2174 4255 2556 4334; x_wconf 42' lang='lat' dir='ltr'><strong>pratm&#39;onstrat.</strong></span> 
     </span>
    </p>
   </div>
   <div class='ocr_carea' id='block_1_89' title="bbox 1891 4355 3348 4423">
    <p class='ocr_par' dir='ltr' id='par_1_89' title="bbox 1891 4355 3348 4423">
     <span class='ocr_line' id='line_1_89' title="bbox 1891 4355 3348 4423; baseline 0.001 -15"><span class='ocrx_word' id='word_1_651' title='bbox 1891 4355 2092 4408; x_wconf 85' lang='lat' dir='ltr'><strong>llastile</strong></span> <span class='ocrx_word' id='word_1_652' title='bbox 2111 4357 2239 4421; x_wconf 82' lang='lat' dir='ltr'><strong>eius,</strong></span> <span class='ocrx_word' id='word_1_653' title='bbox 2270 4358 2505 4420; x_wconf 86' lang='lat' dir='ltr'><strong>calamos,</strong></span> <span class='ocrx_word' id='word_1_654' title='bbox 2529 4355 2760 4423; x_wconf 80' lang='lat' dir='ltr'><strong>scyphos,</strong></span> <span class='ocrx_word' id='word_1_655' title='bbox 2791 4363 2895 4408; x_wconf 89' lang='lat' dir='ltr'><strong>etc.</strong></span> <span class='ocrx_word' id='word_1_656' title='bbox 2937 4355 3136 4409; x_wconf 87' lang='lat' dir='ltr'><strong>llastile</strong></span> <span class='ocrx_word' id='word_1_657' title='bbox 3165 4357 3348 4410; x_wconf 80' lang='lat' dir='ltr'><strong>caude-</strong></span> 
     </span>
    </p>
   </div>
   <div class='ocr_carea' id='block_1_90' title="bbox 173 4444 3356 4542">
    <p class='ocr_par' dir='ltr' id='par_1_90' title="bbox 173 4444 3356 4542">
     <span class='ocr_line' id='line_1_90' title="bbox 173 4444 3356 4542; baseline -0.002 -38"><span class='ocrx_word' id='word_1_658' title='bbox 173 4461 229 4504; x_wconf 83' lang='lat' dir='ltr'><strong>et</strong></span> <span class='ocrx_word' id='word_1_659' title='bbox 256 4464 348 4501; x_wconf 74' lang='lat' dir='ltr'><strong>sex</strong></span> <span class='ocrx_word' id='word_1_660' title='bbox 382 4448 592 4516; x_wconf 84' lang='lat' dir='ltr'><strong>quidem</strong></span> <span class='ocrx_word' id='word_1_661' title='bbox 621 4447 803 4500; x_wconf 87' lang='lat' dir='ltr'><strong>diebus</strong></span> <span class='ocrx_word' id='word_1_662' title='bbox 832 4462 1045 4514; x_wconf 88' lang='lat' dir='ltr'><strong>operum</strong></span> <span class='ocrx_word' id='word_1_663' title='bbox 1076 4448 1126 4500; x_wconf 92' lang='lat' dir='ltr'><strong>in</strong></span> <span class='ocrx_word' id='word_1_664' title='bbox 1151 4461 1327 4500; x_wconf 88' lang='lat' dir='ltr'><strong>mensa</strong></span> <span class='ocrx_word' id='word_1_665' title='bbox 1358 4448 1604 4514; x_wconf 87' lang='lat' dir='ltr'><strong>propositi</strong></span> <span class='ocrx_word' id='word_1_666' title='bbox 1629 4462 1717 4512; x_wconf 84' lang='lat' dir='ltr'><strong>ap-</strong></span> <span class='ocrx_word' id='word_1_667' title='bbox 1749 4485 1793 4542; x_wconf 83' lang='lat' dir='ltr'><strong>D</strong></span> <span class='ocrx_word' id='word_1_668' title='bbox 1822 4445 1973 4511; x_wconf 83' lang='lat' dir='ltr'><strong>labri,</strong></span> <span class='ocrx_word' id='word_1_669' title='bbox 2006 4448 2115 4513; x_wconf 57' lang='lat' dir='ltr'><strong>ipse</strong></span> <span class='ocrx_word' id='word_1_670' title='bbox 2141 4447 2229 4512; x_wconf 88' lang='lat' dir='ltr'><strong>qui</strong></span> <span class='ocrx_word' id='word_1_671' title='bbox 2255 4454 2333 4499; x_wconf 87' lang='lat' dir='ltr'><strong>est</strong></span> <span class='ocrx_word' id='word_1_672' title='bbox 2360 4444 2525 4511; x_wconf 89' lang='lat' dir='ltr'><strong>Caput</strong></span> <span class='ocrx_word' id='word_1_673' title='bbox 2552 4445 2816 4507; x_wconf 67' lang='lat' dir='ltr'><strong>Ecclesiae,</strong></span> <span class='ocrx_word' id='word_1_674' title='bbox 2869 4444 3115 4498; x_wconf 79' lang='lat' dir='ltr'><strong>Mediator</strong></span> <span class='ocrx_word' id='word_1_675' title='bbox 3161 4446 3250 4498; x_wconf 89' lang='lat' dir='ltr'><strong>Dei</strong></span> <span class='ocrx_word' id='word_1_676' title='bbox 3301 4457 3356 4498; x_wconf 91' lang='lat' dir='ltr'><strong>et</strong></span> 
     </span>
    </p>
   </div>
   <div class='ocr_carea' id='block_1_91' title="bbox 173 4534 1717 4610">
    <p class='ocr_par' dir='ltr' id='par_1_91' title="bbox 173 4534 1717 4610">
     <span class='ocr_line' id='line_1_91' title="bbox 173 4534 1717 4610; baseline 0.001 -22"><span class='ocrx_word' id='word_1_677' title='bbox 173 4547 450 4610; x_wconf 79' lang='lat' dir='ltr'><strong>parerent,</strong></span> <span class='ocrx_word' id='word_1_678' title='bbox 480 4536 569 4590; x_wconf 87' lang='lat' dir='ltr'><strong>sed</strong></span> <span class='ocrx_word' id='word_1_679' title='bbox 601 4535 754 4588; x_wconf 91' lang='lat' dir='ltr'><strong>indie</strong></span> <span class='ocrx_word' id='word_1_680' title='bbox 783 4536 1005 4597; x_wconf 87' lang='lat' dir='ltr'><strong>sabbati,</strong></span> <span class='ocrx_word' id='word_1_681' title='bbox 1039 4534 1087 4587; x_wconf 89' lang='lat' dir='ltr'><strong>id</strong></span> <span class='ocrx_word' id='word_1_682' title='bbox 1116 4547 1213 4601; x_wconf 91' lang='lat' dir='ltr'><strong>est,</strong></span> <span class='ocrx_word' id='word_1_683' title='bbox 1239 4538 1454 4603; x_wconf 87' lang='lat' dir='ltr'><strong>requiei,</strong></span> <span class='ocrx_word' id='word_1_684' title='bbox 1488 4537 1717 4603; x_wconf 85' lang='lat' dir='ltr'><strong>impositi</strong></span> 
     </span>
    </p>
   </div>
   <div class='ocr_carea' id='block_1_92' title="bbox 172 4623 1719 4691">
    <p class='ocr_par' dir='ltr' id='par_1_92' title="bbox 172 4623 1719 4691">
     <span class='ocr_line' id='line_1_92' title="bbox 172 4623 1719 4691; baseline -0.003 -8"><span class='ocrx_word' id='word_1_685' title='bbox 172 4632 229 4684; x_wconf 90' lang='lat' dir='ltr'><strong>in</strong></span> <span class='ocrx_word' id='word_1_686' title='bbox 287 4640 486 4686; x_wconf 88' lang='lat' dir='ltr'><strong>mensa,</strong></span> <span class='ocrx_word' id='word_1_687' title='bbox 533 4638 840 4691; x_wconf 85' lang='lat' dir='ltr'><strong>rursumque</strong></span> <span class='ocrx_word' id='word_1_688' title='bbox 873 4624 956 4676; x_wconf 83' lang='lat' dir='ltr'><strong>die</strong></span> <span class='ocrx_word' id='word_1_689' title='bbox 979 4625 1144 4677; x_wconf 90' lang='lat' dir='ltr'><strong>altero</strong></span> <span class='ocrx_word' id='word_1_690' title='bbox 1197 4623 1397 4677; x_wconf 87' lang='lat' dir='ltr'><strong>sabbati</strong></span> <span class='ocrx_word' id='word_1_691' title='bbox 1426 4625 1490 4677; x_wconf 90' lang='lat' dir='ltr'><strong>de</strong></span> <span class='ocrx_word' id='word_1_692' title='bbox 1538 4641 1719 4678; x_wconf 86' lang='lat' dir='ltr'><strong>mensa</strong></span> 
     </span>
    </p>
   </div>
   <div class='ocr_carea' id='block_1_93' title="bbox 172 4713 1718 4784">
    <p class='ocr_par' dir='ltr' id='par_1_93' title="bbox 172 4713 1718 4784">
     <span class='ocr_line' id='line_1_93' title="bbox 172 4713 1718 4784; baseline 0 -13"><span class='ocrx_word' id='word_1_693' title='bbox 172 4716 394 4772; x_wconf 86' lang='lat' dir='ltr'><strong>sublati.</strong></span> <span class='ocrx_word' id='word_1_694' title='bbox 429 4715 482 4766; x_wconf 90' lang='lat' dir='ltr'><strong>In</strong></span> <span class='ocrx_word' id='word_1_695' title='bbox 509 4714 658 4781; x_wconf 87' lang='lat' dir='ltr'><strong>cujus</strong></span> <span class='ocrx_word' id='word_1_696' title='bbox 687 4713 870 4768; x_wconf 88' lang='lat' dir='ltr'><strong>ordine</strong></span> <span class='ocrx_word' id='word_1_697' title='bbox 901 4715 1170 4782; x_wconf 87' lang='lat' dir='ltr'><strong>positionis</strong></span> <span class='ocrx_word' id='word_1_698' title='bbox 1199 4715 1320 4784; x_wconf 91' lang='lat' dir='ltr'><strong>quid</strong></span> <span class='ocrx_word' id='word_1_699' title='bbox 1370 4717 1519 4769; x_wconf 89' lang='lat' dir='ltr'><strong>nobis</strong></span> <span class='ocrx_word' id='word_1_700' title='bbox 1576 4718 1718 4772; x_wconf 90' lang='lat' dir='ltr'><strong>aliud</strong></span> 
     </span>
    </p>
   </div>
   <div class='ocr_carea' id='block_1_94' title="bbox 173 4803 1718 4876">
    <p class='ocr_par' dir='ltr' id='par_1_94' title="bbox 173 4803 1718 4876">
     <span class='ocr_line' id='line_1_94' title="bbox 173 4803 1718 4876; baseline 0.001 -18"><span class='ocrx_word' id='word_1_701' title='bbox 173 4805 404 4876; x_wconf 78' lang='lat' dir='ltr'><strong>mystice</strong></span> <span class='ocrx_word' id='word_1_702' title='bbox 429 4803 819 4867; x_wconf 71' lang='lat' dir='ltr'><strong>intelligendum</strong></span> <span class='ocrx_word' id='word_1_703' title='bbox 853 4816 952 4869; x_wconf 88' lang='lat' dir='ltr'><strong>est,</strong></span> <span class='ocrx_word' id='word_1_704' title='bbox 985 4805 1082 4856; x_wconf 75' lang='lat' dir='ltr'><strong>nisi</strong></span> <span class='ocrx_word' id='word_1_705' title='bbox 1103 4806 1237 4872; x_wconf 90' lang='lat' dir='ltr'><strong>quod</strong></span> <span class='ocrx_word' id='word_1_706' title='bbox 1265 4806 1428 4859; x_wconf 88' lang='lat' dir='ltr'><strong>sancti</strong></span> <span class='ocrx_word' id='word_1_707' title='bbox 1457 4807 1718 4871; x_wconf 86' lang='lat' dir='ltr'><strong>doctores,</strong></span> 
     </span>
    </p>
   </div>
   <div class='ocr_carea' id='block_1_95' title="bbox 174 4892 1720 4961">
    <p class='ocr_par' dir='ltr' id='par_1_95' title="bbox 174 4892 1720 4961">
     <span class='ocr_line' id='line_1_95' title="bbox 174 4892 1720 4961; baseline -0.001 -12"><span class='ocrx_word' id='word_1_708' title='bbox 174 4898 293 4949; x_wconf 90' lang='lat' dir='ltr'><strong>imo</strong></span> <span class='ocrx_word' id='word_1_709' title='bbox 309 4909 490 4948; x_wconf 83' lang='lat' dir='ltr'><strong>omnes</strong></span> <span class='ocrx_word' id='word_1_710' title='bbox 512 4894 659 4961; x_wconf 87' lang='lat' dir='ltr'><strong>justi,</strong></span> <span class='ocrx_word' id='word_1_711' title='bbox 675 4900 727 4943; x_wconf 88' lang='lat' dir='ltr'><strong>et</strong></span> <span class='ocrx_word' id='word_1_712' title='bbox 743 4901 855 4956; x_wconf 65' lang='lat' dir='ltr'><strong>post</strong></span> <span class='ocrx_word' id='word_1_713' title='bbox 873 4905 1027 4958; x_wconf 84' lang='lat' dir='ltr'><strong>opera</strong></span> <span class='ocrx_word' id='word_1_714' title='bbox 1047 4892 1201 4956; x_wconf 87' lang='lat' dir='ltr'><strong>bona,</strong></span> <span class='ocrx_word' id='word_1_715' title='bbox 1218 4895 1404 4961; x_wconf 90' lang='lat' dir='ltr'><strong>quibus</strong></span> <span class='ocrx_word' id='word_1_716' title='bbox 1421 4895 1469 4947; x_wconf 90' lang='lat' dir='ltr'><strong>iu</strong></span> <span class='ocrx_word' id='word_1_717' title='bbox 1491 4895 1720 4948; x_wconf 80' lang='lat' dir='ltr'><strong>Ecclesia</strong></span> 
     </span>
    </p>
   </div>
   <div class='ocr_carea' id='block_1_96' title="bbox 172 4983 1721 5052">
    <p class='ocr_par' dir='ltr' id='par_1_96' title="bbox 172 4983 1721 5052">
     <span class='ocr_line' id='line_1_96' title="bbox 172 4983 1721 5052; baseline 0 -13"><span class='ocrx_word' id='word_1_718' title='bbox 172 4985 575 5048; x_wconf 78' lang='lat' dir='ltr'><strong>ctaruerunt,ad</strong></span> <span class='ocrx_word' id='word_1_719' title='bbox 595 4983 820 5052; x_wconf 81' lang='lat' dir='ltr'><strong>requiem</strong></span> <span class='ocrx_word' id='word_1_720' title='bbox 839 4983 1286 5048; x_wconf 83' lang='lat' dir='ltr'><strong>perveniunt,etut</strong></span> <span class='ocrx_word' id='word_1_721' title='bbox 1305 4984 1439 5038; x_wconf 89' lang='lat' dir='ltr'><strong>bona</strong></span> <span class='ocrx_word' id='word_1_722' title='bbox 1456 4986 1721 5040; x_wconf 88' lang='lat' dir='ltr'><strong>delecten-</strong></span> 
     </span>
    </p>
   </div>
   <div class='ocr_carea' id='block_1_97' title="bbox 179 5071 1719 5143">
    <p class='ocr_par' dir='ltr' id='par_1_97' title="bbox 179 5071 1719 5143">
     <span class='ocr_line' id='line_1_97' title="bbox 179 5071 1719 5143; baseline -0.002 -10"><span class='ocrx_word' id='word_1_723' title='bbox 179 5091 270 5133; x_wconf 92' lang='lat' dir='ltr'><strong>tur</strong></span> <span class='ocrx_word' id='word_1_724' title='bbox 295 5078 526 5143; x_wconf 88' lang='lat' dir='ltr'><strong>operari,</strong></span> <span class='ocrx_word' id='word_1_725' title='bbox 553 5090 645 5143; x_wconf 87' lang='lat' dir='ltr'><strong>spe</strong></span> <span class='ocrx_word' id='word_1_726' title='bbox 663 5074 847 5126; x_wconf 74' lang='lat' dir='ltr'><strong>futura:</strong></span> <span class='ocrx_word' id='word_1_727' title='bbox 873 5071 1058 5138; x_wconf 86' lang='lat' dir='ltr'><strong>quietis</strong></span> <span class='ocrx_word' id='word_1_728' title='bbox 1073 5087 1133 5124; x_wconf 84' lang='lat' dir='ltr'><strong>ac</strong></span> <span class='ocrx_word' id='word_1_729' title='bbox 1166 5071 1504 5128; x_wconf 87' lang='lat' dir='ltr'><strong>beatitudinis</strong></span> <span class='ocrx_word' id='word_1_730' title='bbox 1528 5090 1719 5130; x_wconf 81' lang='lat' dir='ltr'><strong>accen-</strong></span> 
     </span>
    </p>
   </div>
   <div class='ocr_carea' id='block_1_98' title="bbox 176 5165 1720 5239">
    <p class='ocr_par' dir='ltr' id='par_1_98' title="bbox 176 5165 1720 5239">
     <span class='ocr_line' id='line_1_98' title="bbox 176 5165 1720 5239; baseline 0 -19"><span class='ocrx_word' id='word_1_731' title='bbox 176 5168 410 5220; x_wconf 75' lang='lat' dir='ltr'><strong>duntur?</strong></span> <span class='ocrx_word' id='word_1_732' title='bbox 438 5165 838 5233; x_wconf 90' lang='lat' dir='ltr'><strong>lmponebantur</strong></span> <span class='ocrx_word' id='word_1_733' title='bbox 861 5179 993 5239; x_wconf 81' lang='lat' dir='ltr'><strong>ergo</strong></span> <span class='ocrx_word' id='word_1_734' title='bbox 1022 5176 1182 5231; x_wconf 88' lang='lat' dir='ltr'><strong>panes</strong></span> <span class='ocrx_word' id='word_1_735' title='bbox 1208 5165 1426 5219; x_wconf 87' lang='lat' dir='ltr'><strong>sabbato</strong></span> <span class='ocrx_word' id='word_1_736' title='bbox 1453 5167 1502 5219; x_wconf 89' lang='lat' dir='ltr'><strong>in</strong></span> <span class='ocrx_word' id='word_1_737' title='bbox 1535 5182 1720 5220; x_wconf 83' lang='lat' dir='ltr'><strong>mensa</strong></span> 
     </span>
    </p>
   </div>
   <div class='ocr_carea' id='block_1_99' title="bbox 180 5251 1721 5320">
    <p class='ocr_par' dir='ltr' id='par_1_99' title="bbox 180 5251 1721 5320">
     <span class='ocr_line' id='line_1_99' title="bbox 180 5251 1721 5320; baseline 0 -15"><span class='ocrx_word' id='word_1_738' title='bbox 180 5253 413 5314; x_wconf 80' lang='lat' dir='ltr'><strong>Domini,</strong></span> <span class='ocrx_word' id='word_1_739' title='bbox 438 5267 496 5305; x_wconf 85' lang='lat' dir='ltr'><strong>ea</strong></span> <span class='ocrx_word' id='word_1_740' title='bbox 519 5252 694 5320; x_wconf 75' lang='lat' dir='ltr'><strong>utique</strong></span> <span class='ocrx_word' id='word_1_741' title='bbox 720 5251 1003 5306; x_wconf 87' lang='lat' dir='ltr'><strong>intentione</strong></span> <span class='ocrx_word' id='word_1_742' title='bbox 1024 5252 1343 5319; x_wconf 88' lang='lat' dir='ltr'><strong>ponentium,</strong></span> <span class='ocrx_word' id='word_1_743' title='bbox 1377 5261 1429 5304; x_wconf 91' lang='lat' dir='ltr'><strong>ut</strong></span> <span class='ocrx_word' id='word_1_744' title='bbox 1457 5262 1721 5306; x_wconf 87' lang='lat' dir='ltr'><strong>transacto</strong></span> 
     </span>
    </p>
   </div>
   <div class='ocr_carea' id='block_1_100' title="bbox 175 5339 1722 5407">
    <p class='ocr_par' dir='ltr' id='par_1_100' title="bbox 175 5339 1722 5407">
     <span class='ocr_line' id='line_1_100' title="bbox 175 5339 1722 5407; baseline 0.001 -14"><span class='ocrx_word' id='word_1_745' title='bbox 175 5341 402 5399; x_wconf 72' lang='lat' dir='ltr'><strong>sabbato</strong></span> <span class='ocrx_word' id='word_1_746' title='bbox 425 5339 615 5392; x_wconf 52' lang='lat' dir='ltr'><strong>ibidem</strong></span> <span class='ocrx_word' id='word_1_747' title='bbox 646 5354 738 5406; x_wconf 84' lang='lat' dir='ltr'><strong>per</strong></span> <span class='ocrx_word' id='word_1_748' title='bbox 765 5356 854 5395; x_wconf 78' lang='lat' dir='ltr'><strong>scx</strong></span> <span class='ocrx_word' id='word_1_749' title='bbox 883 5341 992 5394; x_wconf 83' lang='lat' dir='ltr'><strong>dies</strong></span> <span class='ocrx_word' id='word_1_750' title='bbox 1016 5341 1261 5407; x_wconf 87' lang='lat' dir='ltr'><strong>operandi</strong></span> <span class='ocrx_word' id='word_1_751' title='bbox 1291 5349 1563 5393; x_wconf 88' lang='lat' dir='ltr'><strong>manerent</strong></span> <span class='ocrx_word' id='word_1_752' title='bbox 1594 5359 1605 5392; x_wconf 89' lang='lat'><strong>:</strong></span> <span class='ocrx_word' id='word_1_753' title='bbox 1639 5343 1722 5395; x_wconf 82' lang='lat' dir='ltr'><strong>his</strong></span> 
     </span>
    </p>
   </div>
   <div class='ocr_carea' id='block_1_101' title="bbox 177 5429 1718 5500">
    <p class='ocr_par' dir='ltr' id='par_1_101' title="bbox 177 5429 1718 5500">
     <span class='ocr_line' id='line_1_101' title="bbox 177 5429 1718 5500; baseline -0.001 -17"><span class='ocrx_word' id='word_1_754' title='bbox 177 5443 392 5500; x_wconf 80' lang='lat' dir='ltr'><strong>quoque</strong></span> <span class='ocrx_word' id='word_1_755' title='bbox 425 5429 744 5482; x_wconf 88' lang='lat' dir='ltr'><strong>transmissis</strong></span> <span class='ocrx_word' id='word_1_756' title='bbox 773 5431 941 5484; x_wconf 85' lang='lat' dir='ltr'><strong>altero</strong></span> <span class='ocrx_word' id='word_1_757' title='bbox 968 5429 1368 5494; x_wconf 82' lang='lat' dir='ltr'><strong>superveniente</strong></span> <span class='ocrx_word' id='word_1_758' title='bbox 1391 5429 1633 5491; x_wconf 81' lang='lat' dir='ltr'><strong>sabbato,</strong></span> <span class='ocrx_word' id='word_1_759' title='bbox 1668 5432 1718 5482; x_wconf 91' lang='lat' dir='ltr'><strong>in</strong></span> 
     </span>
    </p>
   </div>
   <div class='ocr_carea' id='block_1_102' title="bbox 181 5516 1720 5586">
    <p class='ocr_par' dir='ltr' id='par_1_102' title="bbox 181 5516 1720 5586">
     <span class='ocr_line' id='line_1_102' title="bbox 181 5516 1720 5586; baseline -0.002 -14"><span class='ocrx_word' id='word_1_760' title='bbox 181 5518 521 5573; x_wconf 80' lang='lat' dir='ltr'><strong>relectionem</strong></span> <span class='ocrx_word' id='word_1_761' title='bbox 575 5517 764 5586; x_wconf 69' lang='lat' dir='ltr'><strong>stunmi</strong></span> <span class='ocrx_word' id='word_1_762' title='bbox 795 5517 1081 5570; x_wconf 81' lang='lat' dir='ltr'><strong>sacerdotis</strong></span> <span class='ocrx_word' id='word_1_763' title='bbox 1109 5527 1161 5569; x_wconf 90' lang='lat' dir='ltr'><strong>ct</strong></span> <span class='ocrx_word' id='word_1_764' title='bbox 1198 5516 1426 5568; x_wconf 82' lang='lat' dir='ltr'><strong>liliorum</strong></span> <span class='ocrx_word' id='word_1_765' title='bbox 1457 5517 1571 5582; x_wconf 90' lang='lat' dir='ltr'><strong>ejus</strong></span> <span class='ocrx_word' id='word_1_766' title='bbox 1594 5531 1720 5570; x_wconf 90' lang='lat' dir='ltr'><strong>con-</strong></span> 
     </span>
    </p>
   </div>
   <div class='ocr_carea' id='block_1_103' title="bbox 180 5604 1720 5674">
    <p class='ocr_par' dir='ltr' id='par_1_103' title="bbox 180 5604 1720 5674">
     <span class='ocr_line' id='line_1_103' title="bbox 180 5604 1720 5674; baseline 0 -15"><span class='ocrx_word' id='word_1_767' title='bbox 180 5611 516 5660; x_wconf 73' lang='lat' dir='ltr'><strong>sumerentur</strong></span> <span class='ocrx_word' id='word_1_768' title='bbox 547 5604 698 5672; x_wconf 89' lang='lat' dir='ltr'><strong>:quia</strong></span> <span class='ocrx_word' id='word_1_769' title='bbox 730 5605 973 5659; x_wconf 87' lang='lat' dir='ltr'><strong>nimirum</strong></span> <span class='ocrx_word' id='word_1_770' title='bbox 1004 5607 1054 5658; x_wconf 90' lang='lat' dir='ltr'><strong>in</strong></span> <span class='ocrx_word' id='word_1_771' title='bbox 1086 5605 1374 5674; x_wconf 89' lang='lat' dir='ltr'><strong>primordio</strong></span> <span class='ocrx_word' id='word_1_772' title='bbox 1403 5605 1560 5658; x_wconf 87' lang='lat' dir='ltr'><strong>nobis</strong></span> <span class='ocrx_word' id='word_1_773' title='bbox 1614 5606 1720 5660; x_wconf 86' lang='lat' dir='ltr'><strong>Deo</strong></span> 
     </span>
    </p>
   </div>
   <div class='ocr_carea' id='block_1_104' title="bbox 180 5678 1718 5766">
    <p class='ocr_par' dir='ltr' id='par_1_104' title="bbox 180 5678 1718 5766">
     <span class='ocr_line' id='line_1_104' title="bbox 180 5678 1718 5766; baseline 0.001 -16"><span class='ocrx_word' id='word_1_774' title='bbox 180 5698 391 5751; x_wconf 61' lang='lat' dir='ltr'><strong>levata</strong></span> <span class='ocrx_word' id='word_1_775' title='bbox 425 5678 858 5753; x_wconf 67' lang='lat' dir='ltr'><strong>conversationis</strong></span> <span class='ocrx_word' id='word_1_776' title='bbox 879 5695 1182 5766; x_wconf 86' lang='lat' dir='ltr'><strong>accipienda</strong></span> <span class='ocrx_word' id='word_1_777' title='bbox 1231 5694 1435 5764; x_wconf 78' lang='lat' dir='ltr'><strong>requies</strong></span> <span class='ocrx_word' id='word_1_778' title='bbox 1465 5733 1479 5760; x_wconf 89' lang='lat'><strong>,</strong></span> <span class='ocrx_word' id='word_1_779' title='bbox 1513 5703 1565 5750; x_wconf 91' lang='lat' dir='ltr'><strong>et</strong></span> <span class='ocrx_word' id='word_1_780' title='bbox 1617 5697 1718 5752; x_wconf 84' lang='lat' dir='ltr'><strong>vita</strong></span> 
     </span>
    </p>
   </div>
   <div class='ocr_carea' id='block_1_105' title="bbox 1825 4536 3361 4602">
    <p class='ocr_par' dir='ltr' id='par_1_105' title="bbox 1825 4536 3361 4602">
     <span class='ocr_line' id='line_1_105' title="bbox 1825 4536 3361 4602; baseline -0.002 -11"><span class='ocrx_word' id='word_1_781' title='bbox 1825 4540 2113 4599; x_wconf 77' lang='lat' dir='ltr'><strong>hominum,</strong></span> <span class='ocrx_word' id='word_1_782' title='bbox 2158 4538 2316 4591; x_wconf 90' lang='lat' dir='ltr'><strong>homo</strong></span> <span class='ocrx_word' id='word_1_783' title='bbox 2342 4538 2577 4590; x_wconf 85' lang='lat' dir='ltr'><strong>Christus</strong></span> <span class='ocrx_word' id='word_1_784' title='bbox 2613 4537 2784 4597; x_wconf 73' lang='lat' dir='ltr'><strong>lesus,</strong></span> <span class='ocrx_word' id='word_1_785' title='bbox 2815 4537 2967 4588; x_wconf 84' lang='lat' dir='ltr'><strong>debet</strong></span> <span class='ocrx_word' id='word_1_786' title='bbox 3007 4536 3238 4602; x_wconf 81' lang='lat' dir='ltr'><strong>intelligi.</strong></span> <span class='ocrx_word' id='word_1_787' title='bbox 3283 4537 3361 4588; x_wconf 84' lang='lat' dir='ltr'><strong>De</strong></span> 
     </span>
    </p>
   </div>
   <div class='ocr_carea' id='block_1_106' title="bbox 1823 4623 3354 4693">
    <p class='ocr_par' dir='ltr' id='par_1_106' title="bbox 1823 4623 3354 4693">
     <span class='ocr_line' id='line_1_106' title="bbox 1823 4623 3354 4693; baseline -0.001 -17"><span class='ocrx_word' id='word_1_788' title='bbox 1823 4627 1970 4692; x_wconf 86' lang='lat' dir='ltr'><strong>cujus</strong></span> <span class='ocrx_word' id='word_1_789' title='bbox 1998 4641 2238 4693; x_wconf 89' lang='lat' dir='ltr'><strong>corpore,</strong></span> <span class='ocrx_word' id='word_1_790' title='bbox 2263 4627 2397 4691; x_wconf 88' lang='lat' dir='ltr'><strong>quod</strong></span> <span class='ocrx_word' id='word_1_791' title='bbox 2427 4640 2520 4677; x_wconf 86' lang='lat' dir='ltr'><strong>nos</strong></span> <span class='ocrx_word' id='word_1_792' title='bbox 2561 4639 2758 4686; x_wconf 81' lang='lat' dir='ltr'><strong>Sttmus,</strong></span> <span class='ocrx_word' id='word_1_793' title='bbox 2783 4623 2927 4690; x_wconf 85' lang='lat' dir='ltr'><strong>quasi</strong></span> <span class='ocrx_word' id='word_1_794' title='bbox 2951 4625 3015 4675; x_wconf 89' lang='lat' dir='ltr'><strong>de</strong></span> <span class='ocrx_word' id='word_1_795' title='bbox 3052 4623 3261 4674; x_wconf 84' lang='lat' dir='ltr'><strong>Calamis</strong></span> <span class='ocrx_word' id='word_1_796' title='bbox 3287 4637 3354 4674; x_wconf 73' lang='lat' dir='ltr'><strong>ex</strong></span> 
     </span>
    </p>
   </div>
   <div class='ocr_carea' id='block_1_107' title="bbox 1826 4709 3356 4778">
    <p class='ocr_par' dir='ltr' id='par_1_107' title="bbox 1826 4709 3356 4778">
     <span class='ocr_line' id='line_1_107' title="bbox 1826 4709 3356 4778; baseline -0.005 -11"><span class='ocrx_word' id='word_1_797' title='bbox 1826 4715 1998 4768; x_wconf 87' lang='lat' dir='ltr'><strong>hastili</strong></span> <span class='ocrx_word' id='word_1_798' title='bbox 2029 4712 2426 4778; x_wconf 88' lang='lat' dir='ltr'><strong>procedentibus</strong></span> <span class='ocrx_word' id='word_1_799' title='bbox 2453 4711 2578 4764; x_wconf 88' lang='lat' dir='ltr'><strong>dicit</strong></span> <span class='ocrx_word' id='word_1_800' title='bbox 2618 4713 2896 4776; x_wconf 70' lang='lat' dir='ltr'><strong>Apostolus</strong></span> <span class='ocrx_word' id='word_1_801' title='bbox 2929 4728 2940 4761; x_wconf 90' lang='lat'><strong>:</strong></span> <span class='ocrx_word' id='word_1_802' title='bbox 2972 4709 3050 4760; x_wconf 75' lang='lat' dir='ltr'><strong>Ex</strong></span> <span class='ocrx_word' id='word_1_803' title='bbox 3073 4726 3167 4776; x_wconf 82' lang='lat' dir='ltr'><strong>quo</strong></span> <span class='ocrx_word' id='word_1_804' title='bbox 3197 4718 3356 4761; x_wconf 86' lang='lat' dir='ltr'><strong>totum</strong></span> 
     </span>
    </p>
   </div>
   <div class='ocr_carea' id='block_1_108' title="bbox 1822 4799 3359 4870">
    <p class='ocr_par' dir='ltr' id='par_1_108' title="bbox 1822 4799 3359 4870">
     <span class='ocr_line' id='line_1_108' title="bbox 1822 4799 3359 4870; baseline -0.007 -11"><span class='ocrx_word' id='word_1_805' title='bbox 1822 4819 2006 4870; x_wconf 85' lang='lat' dir='ltr'><strong>corpus</strong></span> <span class='ocrx_word' id='word_1_806' title='bbox 2043 4816 2130 4870; x_wconf 87' lang='lat' dir='ltr'><strong>per</strong></span> <span class='ocrx_word' id='word_1_807' title='bbox 2165 4816 2321 4852; x_wconf 74' lang='lat' dir='ltr'><strong>nexus</strong></span> <span class='ocrx_word' id='word_1_808' title='bbox 2349 4809 2396 4852; x_wconf 84' lang='lat' dir='ltr'><strong>et</strong></span> <span class='ocrx_word' id='word_1_809' title='bbox 2434 4801 2807 4868; x_wconf 83' lang='lat' dir='ltr'><strong>conjttuctiones</strong></span> <span class='ocrx_word' id='word_1_810' title='bbox 2846 4799 3266 4850; x_wconf 77' lang='lat' dir='ltr'><strong>subministratum</strong></span> <span class='ocrx_word' id='word_1_811' title='bbox 3312 4811 3359 4849; x_wconf 82' lang='lat' dir='ltr'><strong>ct</strong></span> 
     </span>
    </p>
   </div>
   <div class='ocr_carea' id='block_1_109' title="bbox 1823 4886 3360 4956">
    <p class='ocr_par' dir='ltr' id='par_1_109' title="bbox 1823 4886 3360 4956">
     <span class='ocr_line' id='line_1_109' title="bbox 1823 4886 3360 4956; baseline -0.006 -9"><span class='ocrx_word' id='word_1_812' title='bbox 1823 4901 2172 4949; x_wconf 83' lang='lat' dir='ltr'><strong>constructum,</strong></span> <span class='ocrx_word' id='word_1_813' title='bbox 2205 4888 2373 4939; x_wconf 82' lang='lat' dir='ltr'><strong>crescit</strong></span> <span class='ocrx_word' id='word_1_814' title='bbox 2402 4889 2450 4938; x_wconf 85' lang='lat' dir='ltr'><strong>in</strong></span> <span class='ocrx_word' id='word_1_815' title='bbox 2482 4897 2796 4956; x_wconf 84' lang='lat' dir='ltr'><strong>augmentum</strong></span> <span class='ocrx_word' id='word_1_816' title='bbox 2829 4886 2921 4939; x_wconf 78' lang='lat' dir='ltr'><strong>Dei</strong></span> <span class='ocrx_word' id='word_1_817' title='bbox 2945 4886 3074 4955; x_wconf 81' lang='lat' dir='ltr'><strong>(Col.</strong></span> <span class='ocrx_word' id='word_1_818' title='bbox 3111 4887 3168 4954; x_wconf 91' lang='grc' dir='ltr'>ιι)</span> <span class='ocrx_word' id='word_1_819' title='bbox 3199 4888 3360 4954; x_wconf 85' lang='lat' dir='ltr'><strong>:quia</strong></span> 
     </span>
    </p>
   </div>
   <div class='ocr_carea' id='block_1_110' title="bbox 1827 4975 3357 5043">
    <p class='ocr_par' dir='ltr' id='par_1_110' title="bbox 1827 4975 3357 5043">
     <span class='ocr_line' id='line_1_110' title="bbox 1827 4975 3357 5043; baseline -0.006 -7"><span class='ocrx_word' id='word_1_820' title='bbox 1827 4980 2069 5036; x_wconf 88' lang='lat' dir='ltr'><strong>nimirum</strong></span> <span class='ocrx_word' id='word_1_821' title='bbox 2107 4977 2433 5043; x_wconf 86' lang='lat' dir='ltr'><strong>omnipotens</strong></span> <span class='ocrx_word' id='word_1_822' title='bbox 2481 4976 2615 5027; x_wconf 83' lang='lat' dir='ltr'><strong>Deus</strong></span> <span class='ocrx_word' id='word_1_823' title='bbox 2660 4975 2973 5038; x_wconf 83' lang='lat' dir='ltr'><strong>ltedemptor</strong></span> <span class='ocrx_word' id='word_1_824' title='bbox 3019 4983 3219 5038; x_wconf 81' lang='lat' dir='ltr'><strong>noster,</strong></span> <span class='ocrx_word' id='word_1_825' title='bbox 3268 4975 3357 5041; x_wconf 89' lang='lat' dir='ltr'><strong>qui</strong></span> 
     </span>
    </p>
   </div>
   <div class='ocr_carea' id='block_1_111' title="bbox 1825 5063 3361 5136">
    <p class='ocr_par' dir='ltr' id='par_1_111' title="bbox 1825 5063 3361 5136">
     <span class='ocr_line' id='line_1_111' title="bbox 1825 5063 3361 5136; baseline -0.005 -12"><span class='ocrx_word' id='word_1_826' title='bbox 1825 5071 1879 5126; x_wconf 90' lang='lat' dir='ltr'><strong>in</strong></span> <span class='ocrx_word' id='word_1_827' title='bbox 1906 5084 1964 5124; x_wconf 86' lang='lat' dir='ltr'><strong>se</strong></span> <span class='ocrx_word' id='word_1_828' title='bbox 1989 5080 2090 5136; x_wconf 90' lang='lat' dir='ltr'><strong>quo</strong></span> <span class='ocrx_word' id='word_1_829' title='bbox 2127 5063 2361 5132; x_wconf 88' lang='lat' dir='ltr'><strong>proliciat</strong></span> <span class='ocrx_word' id='word_1_830' title='bbox 2405 5078 2505 5116; x_wconf 93' lang='lat' dir='ltr'><strong>non</strong></span> <span class='ocrx_word' id='word_1_831' title='bbox 2551 5063 2726 5127; x_wconf 88' lang='lat' dir='ltr'><strong>habet,</strong></span> <span class='ocrx_word' id='word_1_832' title='bbox 2768 5063 2938 5116; x_wconf 86' lang='lat' dir='ltr'><strong>adhuc</strong></span> <span class='ocrx_word' id='word_1_833' title='bbox 2985 5081 3076 5132; x_wconf 89' lang='lat' dir='ltr'><strong>per</strong></span> <span class='ocrx_word' id='word_1_834' title='bbox 3125 5065 3361 5118; x_wconf 83' lang='lat' dir='ltr'><strong>membra</strong></span> 
     </span>
    </p>
   </div>
   <div class='ocr_carea' id='block_1_112' title="bbox 1827 5136 3359 5226">
    <p class='ocr_par' dir='ltr' id='par_1_112' title="bbox 1827 5136 3359 5226">
     <span class='ocr_line' id='line_1_112' title="bbox 1827 5136 3359 5226; baseline -0.005 -12"><span class='ocrx_word' id='word_1_835' title='bbox 1827 5175 1920 5215; x_wconf 88' lang='lat' dir='ltr'><strong>sua</strong></span> <span class='ocrx_word' id='word_1_836' title='bbox 1950 5155 2178 5226; x_wconf 86' lang='lat' dir='ltr'><strong>quotidie</strong></span> <span class='ocrx_word' id='word_1_837' title='bbox 2207 5163 2540 5219; x_wconf 75' lang='lat' dir='ltr'><strong>augmentum</strong></span> <span class='ocrx_word' id='word_1_838' title='bbox 2573 5153 2744 5205; x_wconf 91' lang='lat' dir='ltr'><strong>habet.</strong></span> <span class='ocrx_word' id='word_1_839' title='bbox 2793 5136 2988 5205; x_wconf 62' lang='lat' dir='ltr'><strong>Calami</strong></span> <span class='ocrx_word' id='word_1_840' title='bbox 3028 5169 3151 5219; x_wconf 82' lang='lat' dir='ltr'><strong>ergo</strong></span> <span class='ocrx_word' id='word_1_841' title='bbox 3180 5167 3359 5220; x_wconf 85' lang='lat' dir='ltr'><strong>proce-</strong></span> 
     </span>
    </p>
   </div>
   <div class='ocr_carea' id='block_1_113' title="bbox 1827 5240 3356 5310">
    <p class='ocr_par' dir='ltr' id='par_1_113' title="bbox 1827 5240 3356 5310">
     <span class='ocr_line' id='line_1_113' title="bbox 1827 5240 3356 5310; baseline -0.006 -9"><span class='ocrx_word' id='word_1_842' title='bbox 1827 5251 2012 5302; x_wconf 81' lang='lat' dir='ltr'><strong>dentes</strong></span> <span class='ocrx_word' id='word_1_843' title='bbox 2057 5245 2119 5297; x_wconf 89' lang='lat' dir='ltr'><strong>de</strong></span> <span class='ocrx_word' id='word_1_844' title='bbox 2145 5241 2336 5307; x_wconf 76' lang='lat' dir='ltr'><strong>llaSllll,</strong></span> <span class='ocrx_word' id='word_1_845' title='bbox 2387 5242 2751 5310; x_wconf 62' lang='lat' dir='ltr'><strong>prxdicatorcs</strong></span> <span class='ocrx_word' id='word_1_846' title='bbox 2779 5249 2920 5299; x_wconf 90' lang='lat' dir='ltr'><strong>sunt,</strong></span> <span class='ocrx_word' id='word_1_847' title='bbox 2968 5242 3051 5304; x_wconf 91' lang='lat' dir='ltr'><strong>qui</strong></span> <span class='ocrx_word' id='word_1_848' title='bbox 3085 5240 3298 5292; x_wconf 83' lang='lat' dir='ltr'><strong>instituti</strong></span> <span class='ocrx_word' id='word_1_849' title='bbox 3330 5259 3356 5292; x_wconf 86' lang='lat' dir='ltr'><strong>a</strong></span> 
     </span>
    </p>
   </div>
   <div class='ocr_carea' id='block_1_114' title="bbox 1828 5328 3359 5398">
    <p class='ocr_par' dir='ltr' id='par_1_114' title="bbox 1828 5328 3359 5398">
     <span class='ocr_line' id='line_1_114' title="bbox 1828 5328 3359 5398; baseline -0.009 -4"><span class='ocrx_word' id='word_1_850' title='bbox 1828 5338 2068 5398; x_wconf 83' lang='lat' dir='ltr'><strong>Domino,</strong></span> <span class='ocrx_word' id='word_1_851' title='bbox 2101 5334 2304 5386; x_wconf 88' lang='lat' dir='ltr'><strong>dulcem</strong></span> <span class='ocrx_word' id='word_1_852' title='bbox 2334 5348 2518 5386; x_wconf 90' lang='lat' dir='ltr'><strong>sonum</strong></span> <span class='ocrx_word' id='word_1_853' title='bbox 2547 5333 2596 5384; x_wconf 93' lang='lat' dir='ltr'><strong>in</strong></span> <span class='ocrx_word' id='word_1_854' title='bbox 2628 5330 2820 5384; x_wconf 86' lang='lat' dir='ltr'><strong>mundo</strong></span> <span class='ocrx_word' id='word_1_855' title='bbox 2849 5328 3141 5391; x_wconf 73' lang='lat' dir='ltr'><strong>ediderunt,</strong></span> <span class='ocrx_word' id='word_1_856' title='bbox 3175 5330 3359 5381; x_wconf 50' lang='lat' dir='ltr'><strong>videlid</strong></span> 
     </span>
    </p>
   </div>
   <div class='ocr_carea' id='block_1_115' title="bbox 1824 5417 3358 5484">
    <p class='ocr_par' dir='ltr' id='par_1_115' title="bbox 1824 5417 3358 5484">
     <span class='ocr_line' id='line_1_115' title="bbox 1824 5417 3358 5484; baseline -0.009 -3"><span class='ocrx_word' id='word_1_857' title='bbox 1824 5441 1905 5484; x_wconf 85' lang='lat' dir='ltr'><strong>cet</strong></span> <span class='ocrx_word' id='word_1_858' title='bbox 1934 5427 2189 5480; x_wconf 88' lang='lat' dir='ltr'><strong>canticum</strong></span> <span class='ocrx_word' id='word_1_859' title='bbox 2236 5438 2446 5475; x_wconf 90' lang='lat' dir='ltr'><strong>novum.</strong></span> <span class='ocrx_word' id='word_1_860' title='bbox 2488 5422 2681 5473; x_wconf 87' lang='lat' dir='ltr'><strong>Calami</strong></span> <span class='ocrx_word' id='word_1_861' title='bbox 2730 5427 2849 5476; x_wconf 79' lang='lat' dir='ltr'><strong>sunt</strong></span> <span class='ocrx_word' id='word_1_862' title='bbox 2885 5431 3070 5469; x_wconf 88' lang='lat' dir='ltr'><strong>omnes</strong></span> <span class='ocrx_word' id='word_1_863' title='bbox 3113 5417 3358 5473; x_wconf 77' lang='lat' dir='ltr'><strong>Ecclesia:</strong></span> 
     </span>
    </p>
   </div>
   <div class='ocr_carea' id='block_1_116' title="bbox 1826 5495 3359 5582">
    <p class='ocr_par' dir='ltr' id='par_1_116' title="bbox 1826 5495 3359 5582">
     <span class='ocr_line' id='line_1_116' title="bbox 1826 5495 3359 5582; baseline -0.01 -8"><span class='ocrx_word' id='word_1_864' title='bbox 1826 5495 2074 5582; x_wconf 37' lang='lat' dir='ltr'><strong>lilii,.qui</strong></span> <span class='ocrx_word' id='word_1_865' title='bbox 2122 5512 2218 5566; x_wconf 88' lang='lat' dir='ltr'><strong>sibi</strong></span> <span class='ocrx_word' id='word_1_866' title='bbox 2267 5511 2495 5580; x_wconf 66' lang='lat' dir='ltr'><strong>(dicente</strong></span> <span class='ocrx_word' id='word_1_867' title='bbox 2541 5508 2790 5574; x_wconf 88' lang='lat' dir='ltr'><strong>propheta</strong></span> <span class='ocrx_word' id='word_1_868' title='bbox 2844 5524 2854 5557; x_wconf 90' lang='lat'>:</span> <span class='ocrx_word' id='word_1_869' title='bbox 2897 5506 3103 5558; x_wconf 80' lang='lat' dir='ltr'><strong>Cautate</strong></span> <span class='ocrx_word' id='word_1_870' title='bbox 3147 5505 3359 5558; x_wconf 82' lang='lat' dir='ltr'><strong>Domino</strong></span> 
     </span>
    </p>
   </div>
   <div class='ocr_carea' id='block_1_117' title="bbox 1823 5595 3363 5668">
    <p class='ocr_par' dir='ltr' id='par_1_117' title="bbox 1823 5595 3363 5668">
     <span class='ocr_line' id='line_1_117' title="bbox 1823 5595 3363 5668; baseline -0.006 -12"><span class='ocrx_word' id='word_1_871' title='bbox 1823 5605 2073 5656; x_wconf 74' lang='lat' dir='ltr'><strong>canticum</strong></span> <span class='ocrx_word' id='word_1_872' title='bbox 2103 5617 2300 5660; x_wconf 83' lang='lat' dir='ltr'><strong>uorum.</strong></span> <span class='ocrx_word' id='word_1_873' title='bbox 2342 5600 2452 5650; x_wconf 86' lang='lat' dir='ltr'><strong>laus</strong></span> <span class='ocrx_word' id='word_1_874' title='bbox 2479 5601 2587 5665; x_wconf 84' lang='lat' dir='ltr'><strong>ejus</strong></span> <span class='ocrx_word' id='word_1_875' title='bbox 2617 5598 2677 5649; x_wconf 86' lang='lat' dir='ltr'><strong>ab</strong></span> <span class='ocrx_word' id='word_1_876' title='bbox 2703 5598 2928 5651; x_wconf 78' lang='lat' dir='ltr'><strong>extremis</strong></span> <span class='ocrx_word' id='word_1_877' title='bbox 2973 5606 3118 5651; x_wconf 74' lang='lat' dir='ltr'><strong>terra:</strong></span> <span class='ocrx_word' id='word_1_878' title='bbox 3140 5595 3363 5668; x_wconf 85' lang='lat' dir='ltr'><strong>[Psalm.</strong></span> 
     </span>
    </p>
   </div>
   <div class='ocr_carea' id='block_1_118' title="bbox 1828 5686 3350 5762">
    <p class='ocr_par' dir='ltr' id='par_1_118' title="bbox 1828 5686 3350 5762">
     <span class='ocr_line' id='line_1_118' title="bbox 1828 5686 3350 5762; baseline -0.005 -14"><span class='ocrx_word' id='word_1_879' title='bbox 1828 5690 2006 5762; x_wconf 62' lang='lat' dir='ltr'><strong>xuii)</strong></span> <span class='ocrx_word' id='word_1_880' title='bbox 2035 5690 2248 5746; x_wconf 87' lang='lat' dir='ltr'><strong>libenter</strong></span> <span class='ocrx_word' id='word_1_881' title='bbox 2269 5687 2659 5754; x_wconf 77' lang='lat' dir='ltr'><strong>obtemperant,</strong></span> <span class='ocrx_word' id='word_1_882' title='bbox 2691 5696 2998 5743; x_wconf 82' lang='lat' dir='ltr'><strong>resonantes</strong></span> <span class='ocrx_word' id='word_1_883' title='bbox 3027 5686 3231 5742; x_wconf 81' lang='lat' dir='ltr'><strong>laudem</strong></span> <span class='ocrx_word' id='word_1_884' title='bbox 3256 5686 3350 5741; x_wconf 72' lang='lat' dir='ltr'><strong>Du-</strong></span> 
     </span>
    </p>
   </div>
  </div>
