3898 6260
516 398 619 452 Alii

1004 392 1203 446 BEDAS
1249 389 1691 445 VliNlilltlillJﬁ
1728 384 2003 441 (lPEilUSI
2046 380 2218 437 PARS
2257 381 2320 436 ΙΙ.
2360 412 2437 463 -δ
2466 383 2853 441 EXEGETICA
2893 386 3214 443 GENUNA.
3623 392 3708 447 616

519 508 683 563 initio,
716 518 775 552 at:
802 503 1035 553 dicentes
1066 513 1083 552 :
1112 500 1171 551 ls't
1200 500 1379 551 tuerit
1410 514 1607 565 gressus
1644 512 1798 558 meos,
1828 504 1873 546 et
1902 492 2058 542 immi-
2090 492 2140 547 A
2165 489 2560 557 conjugatorum
2605 495 2857 548 ostendit.
2909 495 3031 550 Item
3078 504 3395 554 eortmnlem
3467 518 3521 555 tn
3578 505 3708 559 Novo

480 598 481 601 ‘
518 594 582 641 sit
610 592 661 642 in
689 606 741 642 as
780 604 936 640 meum
967 588 1216 640 canticum
1257 602 1458 652 novum,
1488 585 1729 652 hymnum
1770 583 1875 635 Deo
1896 591 2062 634 nostra

521 681 739 747 (Psalm.
774 679 920 747 xxx).
950 679 1080 744 Quia
1112 693 1239 731 vero
1265 676 1448 747 scyphi
1486 677 1608 729 vino
1650 676 1840 743 repleri
1871 675 2060 737 solent,

521 785 624 821 non
651 768 909 821 immerito
947 783 1039 835 per
1062 780 1155 821 eos
1187 776 1391 820 mentes
1429 764 1748 819 audientium
1780 765 2061 833 designan-

524 866 627 921 tur,
657 873 773 924 quae
803 858 866 910 ad
898 873 1079 911 vocem
1112 855 1503 923 przedicantinm
1547 857 1668 907 vino
1697 854 1931 908 scientia:
1974 868 2060 907 re-

519 924 745 1012 plentur.
781 946 843 998 Et
870 946 1113 1013 quoniam
1143 945 1327 999 eodem
1358 946 1480 998 vino
1518 944 1739 998 interna:
1767 942 2062 997 dilectionis

518 1030 771 1082 inebriata
821 1030 981 1082 corda
1030 1029 1288 1093 ﬁdelium,
1336 1029 1641 1099 infatigabili
1690 1028 1950 1082 desiderio
1994 1028 2061 1080 ad

518 1117 680 1170 Deum
723 1117 975 1181 tendunt,
1026 1128 1165 1173 recte
1214 1120 1262 1172 in
1307 1118 1627 1173 candelabro
1673 1129 1788 1186 post
1835 1117 2062 1187 scyphos

517 1206 794 1273 spha‘rnlte
822 1206 947 1260 ﬁunt
975 1224 989 1260 :
1012 1209 1214 1276 sphazra
1237 1208 1379 1262 enim
1402 1206 1452 1260 in
1472 1207 1615 1260 omni
1643 1216 1787 1275 parte
1815 1206 2057 1274 volvitur,

515 1296 637 1365 quia
671 1298 915 1350 nimirum
949 1308 1149 1349 tuentes
1187 1300 1472 1351 electovum
1521 1312 1621 1352 nec
1658 1297 2060 1352 adversitatibus

516 1389 692 1441 s;t.'cttli
723 1391 838 1442 ullis
864 1391 1097 1452 retineri,
1124 1386 1220 1442 nec
1249 1390 1677 1457 prosperitatibus
1703 1402 1917 1459 possunt
1941 1405 2059 1446 cor-

517 1475 712 1551 rumpi,
740 1477 863 1543 quin
915 1478 962 1528 in
1012 1478 1253 1530 omnibus
1293 1493 1411 1546 qua:
1452 1490 1754 1546 occurrunt,
1785 1481 1848 1535 ad
1897 1482 2056 1535 Deum

516 1580 615 1630 per
644 1575 822 1618 sancta
869 1566 1128 1620 deside-ria
1163 1566 1455 1635 proﬁciant.
1492 1568 1554 1622 Et
1584 1569 1717 1624 bene
1762 1580 1877 1638 post
1920 1571 2059 1623 cala-

519 1669 652 1717 mos,
686 1654 938 1725 scyphos,
971 1668 1021 1709 et
1050 1658 1340 1723 spinturnlas
1373 1659 1421 1711 in
1448 1658 1765 1713 candelabro
1786 1659 1890 1712 lilia
1921 1660 2060 1713 desi-

512 1754 772 1809 gnantur;
802 1749 923 1813 qua
950 1762 1014 1810 po
1045 1747 1299 1813 tgratiam
1326 1747 1726 1813 praedicationis,
1752 1756 1868 1814 post
1885 1747 2057 1802 ebria-

2161 578 2496 635 Testamento
2522 584 2828 637 distantiam
2868 586 3113 640 Dominus
3141 590 3242 643 sub
3269 589 3440 659 ﬁgura
3488 594 3706 647 insinuat

2159 682 2341 723 eorum
2367 673 2452 739 qui
2485 675 2535 727 in
2566 674 2721 737 lecto,
2752 675 2802 728 in
2830 690 2979 742 agro,
3009 678 3058 729 in
3099 679 3238 733 mola
3269 683 3577 748 reperiendi
3614 687 3707 738 sint

2162 758 2212 810 in
2242 760 2327 813 die
2344 759 2524 828 judicii
2551 762 2759 831 (Matth.
2794 780 2944 829 xstv;
2970 766 3092 819 Luc.
3125 767 3279 836 xvtt).
3311 769 3353 821 Ε
3384 772 3584 838 quibus
3608 772 3706 824 siu—

2162 849 2313 915 gulos
2342 853 2707 915 assumendos,
2738 863 2788 906 et
2821 855 3048 921 singulos
3092 856 3218 907 dicit
3259 871 3382 911 esse
3412 860 3709 926 relinquen-

2160 939 2278 992 dos.
2322 940 2554 1008 Namque
2600 942 2650 996 in
2697 942 2832 996 lecto
2861 945 3008 1010 quies
3044 946 3460 1010 continentium,
3495 947 3546 998 in
3577 950 3707 1016 agri-

2161 1028 2363 1081 cultura
2408 1030 2659 1083 industria
2690 1032 3103 1099 pra-dicantiutn,
3135 1035 3187 1088 in
3214 1050 3348 1105 gyro
3378 1036 3537 1090 mola:
3567 1038 3707 1090 labor

2160 1116 2474 1182 exprimitur
2500 1120 2920 1189 conjugatorum.
2971 1123 3181 1192 thuia
3235 1126 3287 1177 in
3335 1126 3591 1179 omnibus
3637 1127 3707 1179 bis

2159 1207 2406 1274 gradibus
2433 1208 2645 1276 quidam
2673 1210 2922 1279 eligendi,
2951 1212 3160 1280 quidam
3201 1228 3329 1267 vero
3353 1216 3673 1282 reprobandi
3692 1256 3707 1277 ,

2161 1303 2304 1348 recte
2327 1295 2395 1350 de
2414 1296 2634 1363 singulis
2664 1298 2854 1352 dicitur
2877 1317 2889 1351 :
2924 1300 3054 1363 Quia
3074 1316 3206 1354 unus
3240 1302 3302 1355 de
3344 1304 3542 1355 duobus
3567 1319 3707 1356 assu-

2160 1393 2339 1449 metur,
2370 1394 2418 1438 et
2463 1385 2592 1438 alter
2636 1387 2961 1456 relinquetur.
2991 1389 3120 1455 Quia
3151 1404 3279 1445 vero
3322 1391 3374 1443 in
3404 1403 3560 1459 parte
3608 1392 3708 1444 ele-

2159 1485 2363 1528 ctorum
2409 1476 2691 1531 sublimius
2714 1486 2797 1531 est
2821 1479 3066 1533 meritam
3096 1480 3524 1547 pradicantium,
3555 1495 3709 1547 quam

2159 1579 2343 1620 eorum
2391 1569 2479 1636 qui
2531 1568 2863 1622 solummodo
2907 1570 3267 1635 continentiae,
3296 1580 3352 1625 et
3400 1584 3509 1623 non
3552 1572 3715 1625 etiam

2159 1655 2307 1721 operi
2338 1654 2590 1709 doctrina
2613 1655 2845 1721 student,
2869 1654 2991 1709 item
3021 1656 3299 1711 sublimior
3323 1657 3714 1711 continentium

2162 1764 2318 1817 quam
2372 1749 2765 1818 coniugatorum
2815 1751 3144 1805 conversatio
3193 1767 3209 1804 :
3271 1761 3415 1806 recte
3467 1755 3708 1818 ‘Sllpl’e‘mi

513 1834 709 1886 tionem
753 1810 908 1900 potus
956 1810 1219 1898 spiriialis,
1273 1810 1389 1901 post
1436 1835 1828 1890 irrevocabilem
1865 1845 2058 1889 sancta:
2090 1810 2137 1869 Β
2161 1842 2371 1906 calami,
2400 1842 2488 1911 qui
2521 1845 2642 1896 hinc
2668 1853 2723 1897 et
2747 1844 2868 1899 inde
2905 1845 2969 1899 de
3010 1846 3182 1899 hastili
3210 1847 3592 1914 procedebant,
3621 1862 3707 1901 eos

511 1923 834 1990 operationis
878 1938 1210 1990 procursum,
1243 1925 1329 1979 illa
1371 1926 1547 1979 virens
1589 1925 1753 1994 patria
1799 1927 2052 1993 sequitur,

510 2028 629 2082 qua:
650 2014 923 2068 animabus
948 2017 1166 2081 sanctis,
1183 2017 1230 2070 id
1255 2026 1353 2083 est,
1374 2017 1589 2072 ﬁoribus
1614 2029 1798 2073 vernat
1822 2022 2052 2073 mlernis.

580 2104 687 2160 Sea:
728 2107 912 2160 calami
948 2110 1277 2176 egrediuntur
1317 2111 1377 2164 de
1418 2110 1674 2174 lateribus,
1705 2121 1808 2166 etc.
1842 2110 2059 2165 Constat

510 2194 723 2262 quidem
757 2211 1036 2251 numerum
1076 2203 1367 2260 senarium,
1400 2204 1451 2253 in
1482 2216 1587 2270 quo
1614 2200 1779 2253 lactus
1804 2210 1886 2255 est
1906 2217 2056 2255 mun-

509 2283 629 2347 dus,
657 2297 878 2352 operum
921 2287 1293 2352 perfectionem
1334 2287 1631 2357 designare.
1677 2288 1779 2343 Sed
1810 2289 2055 2356 quoniam

511 2372 581 2424 ita
614 2373 813 2441 positus
847 2384 929 2427 est
960 2375 1010 2426 in
1040 2374 1395 2443 descriptione
1421 2378 1764 2444 calamorum,
1810 2388 1865 2431 ut
1896 2378 1947 2432 in
1978 2380 2058 2433 bis

510 2472 691 2519 ternos
720 2465 1009 2530 dividatur,
1037 2467 1204 2535 magis
1232 2467 1298 2521 de
1331 2470 1561 2521 ternario
1590 2468 1890 2522 dicendum.
1921 2468 2055 2523 Tres

510 2566 738 2619 namque
761 2555 947 2607 calami
977 2555 1042 2609 de
1073 2571 1176 2607 uno
1220 2556 1384 2609 latere
1416 2556 1641 2618 hastilis,
1684 2567 1737 2609 et
1777 2558 2058 2625 tres‘egre-

508 2642 724 2695 dinntur
764 2642 831 2695 de
875 2644 1072 2708 altero;
1112 2645 1230 2712 quia
1263 2646 1470 2712 luerunt
1500 2645 1745 2717 doctores
1790 2656 1915 2701 ante
1961 2646 2057 2698 ad-

513 2740 725 2782 ventum
753 2731 955 2785 Domini
982 2736 1032 2784 in
1058 2748 1235 2798 carne,
1270 2734 1358 2802 qui
1384 2734 1538 2788 ﬁdem
1566 2744 1764 2789 sanctae
1790 2734 2059 2789 Trinitatis

511 2819 729 2889 mystica
759 2836 884 2875 voce
912 2823 1265 2891 designarent,
1296 2834 1368 2889 et,
1402 2834 1651 2893 quantum
1700 2824 1856 2879 rudcs
1886 2826 2057 2878 adhuc

510 2923 699 2977 capere
730 2921 994 2976 poterant,
1030 2913 1392 2981 praedicarent.
1436 2913 1586 2968 Unde
1613 2922 1693 2965 est
1738 2914 1861 2966 illud
1910 2913 2057 2967 Psal-

511 3002 700 3065 misue,
734 3001 893 3055 Verbo
930 3002 1129 3056 Domini
1151 3004 1260 3055 caeli
1282 3003 1470 3068 firmati
1501 3012 1647 3065 sunt;
1676 3012 1719 3053 et
1748 3002 1929 3070 spiritu
1958 3002 2059 3053 oris

507 3092 615 3159 ejus
661 3092 821 3143 omnis
863 3095 1017 3144 virtus
1072 3110 1242 3146 eorum
1274 3092 1438 3161 (Psal.
1478 3094 1667 3159 χχχιι).
1721 3091 1939 3144 Nomine
1977 3101 2051 3146 et-

509 3179 650 3232 enim
683 3181 906 3245 Detuini,
939 3184 1164 3245 Patrem;
1185 3186 1395 3236 nomine
1426 3183 1604 3246 Verbi,
1635 3184 1848 3247 Filium;
1882 3184 2047 3251 Spiri-

512 3278 618 3320 tnnt
664 3284 786 3321 vero
815 3282 1050 3323 sanetum
1086 3271 1199 3337 ipso
1254 3288 1351 3323 suo
1400 3276 1609 3326 nomine
1660 3274 1899 3341 spiritum
1948 3276 2055 3327 oris

511 3356 623 3424 ejus
649 3360 897 3424 appellat.
933 3362 1090 3427 Cujus
1113 3360 1353 3416 vnleln‘et
1381 3373 1574 3416 sanctm
1602 3361 1873 3415 Trinitatis
1901 3378 2054 3414 unam

511 3462 629 3500 esse
655 3450 957 3515 potentium,
984 3453 1302 3505 voluntatem
1331 3464 1382 3507 et
1406 3455 1766 3521 Opi-rationem
1796 3454 2054 3519 designat,

512 3551 629 3589 cum
677 3548 731 3591 et
772 3542 933 3593 caelos
980 3543 1138 3594 verbo
1188 3542 1415 3608 Domini,
1458 3556 1512 3597 et
1554 3559 1763 3597 omnem
1812 3545 2057 3596 virtutem

512 3641 692 3680 comm
739 3630 922 3694 spiritu
973 3633 1082 3683 oris
1132 3631 1246 3698 ejus
1294 3648 1410 3686 esse
1459 3634 1718 3687 ﬁrmatum
1768 3644 2057 3690 asseverat.

512 3717 645 3769 Sunt
672 3717 827 3770 modo
852 3718 1115 3783 doctores,
1156 3720 1239 3787 qui
1272 3723 1510 3775 eamdem
1546 3724 1697 3776 tidem
1724 3733 1918 3777 Sanctae
1945 3725 2060 3776 Tti-

516 3805 693 3859 uitatis
720 3816 897 3871 aperte
929 3809 1234 3877 pnedicent,
1266 3810 1332 3863 ita
1368 3820 1421 3862 ut
1463 3825 1645 3863 omnes
1691 3812 1775 3879 qui
1807 3816 1870 3864 ad
1906 3814 2061 3866 Chri-

513 3912 649 3949 smtn
701 3898 999 3964 pertinent,
1052 3899 1233 3951 eadem
1281 3899 1509 3951 debeant
1565 3899 1664 3952 ﬁde
1714 3902 2057 3954 consecrari:

514 3989 721 4041 dicente
744 3989 996 4056 apostolis
1030 3987 1269 4054 Domino,
1304 3988 1493 4051 Eanles
1523 4007 1664 4060 ergo,
1694 3991 1862 4044 docete
1891 4007 2061 4043 omnes

512 4087 699 4145 gentes,
722 4078 1026 4146 baptizantes
1072 4094 1152 4130 eos
1193 4081 1242 4131 in
1291 4081 1487 4133 nomine
1518 4080 1706 4149 Patris,
1739 4092 1783 4133 et
1830 4078 1975 4147 Filii,
2016 4088 2061 4131 ct

514 4166 735 4230 Spiritus
766 4169 926 4220 sancti
964 4167 1171 4237 (Matth.
1226 4170 1435 4237 xxvtn).
1471 4171 1617 4226 Unde
1650 4182 1702 4225 et
1750 4171 1938 4224 Paulus
1969 4184 2063 4237 pro

516 4255 755 4307 ﬁdelibus
786 4270 964 4318 orans,
992 4270 1189 4323 eosque
1229 4258 1499 4311 Trinitatis
1547 4261 1647 4313 ﬁde
1685 4268 1896 4327 accepta
1935 4274 2063 4311 con-

515 4344 695 4397 fortari
738 4343 1061 4407 desiderans,
1108 4345 1425 4400 ait:Cratia
1478 4350 1676 4401 Domini
1728 4352 1884 4401 nostri
1940 4349 2063 4400 Jesu

514 4436 719 4499 Christi,
767 4445 812 4489 ct
865 4436 1081 4488 cltaritas
1139 4436 1250 4497 Dei,
1308 4447 1352 4489 et
1407 4441 1787 4493 communicatio
1841 4442 2063 4506 Spirtus

514 4528 677 4580 ωηατιὶ
705 4542 817 4577 cum
842 4526 1069 4577 omnibus
1092 4527 1225 4580 vobis
1255 4526 1341 4595 (II
1371 4529 1487 4583 Cor.
1512 4529 1648 4598 xm).
1680 4531 1802 4583 Item
1836 4540 1942 4584 ειη-ε
1970 4547 2061 4584 ca—

518 4616 638 4668 lami
665 4632 724 4668 ex
761 4631 862 4667 uno
905 4618 1065 4668 latere
1102 4618 1421 4681 candelabri,
1466 4627 1519 4671 et
1566 4630 1670 4673 tres
1701 4620 2062 4687 prodeuntes

515 4709 681 4759 altero
708 4724 720 4758 :
744 4707 944 4771 quiaet
972 4717 1094 4759 ante
1132 4717 1184 4760 et
1224 4719 1338 4773 post
1382 4709 1794 4762 incarnationem
1831 4710 2060 4763 domini-

517 4813 632 4849 cam
682 4798 816 4849 terni
862 4798 1006 4850 {nere
1037 4799 1229 4865 gradus
1272 4814 1453 4851 eormn
1484 4802 1569 4867 qui
1606 4801 1827 4853 ﬁdeliter
1866 4802 1915 4851 in
1964 4800 2065 4852 Ec—

516 4889 675 4943 clesia
732 4889 950 4942 Domino
996 4890 1290 4951 servirent,
1344 4890 1741 4961 conjugitorum
1790 4891 2062 4951 videlicet,

516 4978 913 5040 continentium,
945 4990 996 5032 et
1021 4990 1279 5032 rectorum
1307 4998 1316 5030 :
1344 4995 1562 5047 quorum
1592 4980 1887 5032 distantiam
1920 4978 2059 5030 Eze-

517 5069 653 5122 chiel
713 5068 965 5134 prepheta
1034 5070 1253 5134 mystice
1303 5069 1591 5129 describit,
1646 5084 1764 5121 cum
1818 5068 2063 5120 veniente

520 5162 782 5227 plagarum
810 5155 1029 5210 articulo
1060 5167 1163 5208 tres
1190 5157 1548 5211 tantummodo
1571 5160 1733 5219 viros,
1768 5157 1876 5209 Noe
1910 5154 2062 5208 video

520 5253 658 5309 licet,
688 5247 863 5299 Daniel
886 5258 936 5299 et
957 5244 1076 5307 Jul),
1109 5243 1403 5296 liberandos
1424 5259 1539 5297 esse
1563 5245 1803 5309 prtedixit
1844 5242 2058 5313 (Ezcclt.

521 5341 645 5401 xiv).
678 5340 726 5391 ln
757 5338 863 5390 Noe
891 5351 1130 5402 notoque,
1158 5334 1243 5401 qui
1268 5347 1438 5384 arcam
1473 5333 1520 5384 in
1552 5336 1702 5384 undis
1734 5334 1884 5397 rexit,
1922 5346 2053 5399 pne-

523 5430 711 5493 positus
745 5425 989 5479 Ecclesia:
1015 5442 1026 5475 :
1054 5426 1101 5474 in
1148 5422 1381 5482 lianicle.
1416 5422 1503 5487 qni
1535 5421 1586 5473 in
1617 5422 1731 5473 aula
1771 5424 1909 5487 regia
1933 5436 2064 5473 con-

523 5520 747 5568 tineuter
778 5516 955 5567 vivere
984 5512 1201 5577 studuit,
1249 5512 1577 5565 continentes
1625 5510 1735 5562 sive
1784 5511 2013 5577 virgines
2049 5526 2060 5560 :

531 5606 579 5653 io
630 5603 748 5664 Job,
798 5603 883 5670 qui
931 5604 983 5654 in
1027 5601 1285 5669 coniugali
1334 5602 1436 5653 vita
1490 5601 1720 5669 positus,
1769 5599 2062 5671 mirandum

525 5694 725 5748 t‘tllttilis
752 5694 1015 5759 exemplar
1046 5692 1301 5761 paticntice
1341 5693 1579 5758 prarbuit,
1614 5692 1869 5745 bonorum
1907 5690 2062 5744 vitam

2158 1931 2245 1998 qui
2279 1933 2327 1985 in
2360 1942 2582 2001 utroque
2611 1933 2948 1990 TeSIamento
2977 1937 3112 1990 inter
3158 1940 3383 2001 virtutes
3429 1938 3565 1990 alias
3614 1938 3706 1989 do-

2158 2022 2340 2076 ctrinte
2370 2024 2557 2077 studiis
2586 2038 2705 2079 sese
2733 2024 3017 2080 subdidere
3045 2025 3348 2095 designant.
3385 2027 3553 2080 Recte
3579 2029 3707 2081 inte-

2158 2110 2325 2164 riores
2368 2111 2579 2172 calami.
2610 2112 2695 2180 qui
2736 2127 2885 2180 aeque
2913 2129 2977 2167 ex
3007 2126 3229 2182 utroque
3278 2116 3491 2168 hastilis
3545 2116 3706 2168 latere

2159 2197 2437 2267 prodeunt,
2470 2201 2627 2252 vitam
2678 2201 3054 2255 continentium
3106 2203 3214 2257 Deo
3260 2204 3535 2261 devotam,
3568 2213 3707 2255 recte

2159 2290 2319 2345 inﬁmi
2365 2291 2576 2356 calami,
2616 2301 2669 2345 et
2720 2291 2819 2358 ipsi
2864 2307 2925 2345 ex
2965 2292 3150 2345 eodem
3202 2294 3358 2346 unius
3407 2290 3705 2345 candelabri

2160 2378 2339 2448 stipite
2363 2379 2488 2442 orti,
2519 2378 2775 2435 bonorum
2799 2378 2956 2431 vitam
2984 2379 3405 2447 conjugaturum,
3438 2378 3494 2432 in
3517 2380 3706 2432 utrius-

2157 2484 2262 2537 que
2286 2468 2611 2526 Testamenti
2646 2477 2901 2537 tempore,
2931 2468 3018 2521 uni
3062 2468 3341 2537 eidemque
3390 2469 3620 2523 Domino
3649 2470 3705 2521 ti-

2158 2559 2352 2613 dcliter
2396 2558 2757 2623 servientem,
2810 2559 2986 2628 typice
3032 2559 3425 2613 demonstrant.
3482 2560 3707 2615 Diversis

2158 2660 2287 2715 ergo
2314 2642 2443 2700 l'ocis
2490 2646 2674 2700 calami
2724 2648 3008 2713 procedunt
3046 2646 3113 2700 de
3159 2646 3363 2712 hastili,
3395 2648 3490 2715 qui
3541 2658 3703 2701 trunca

2158 2750 2344 2790 omnes
2369 2750 2465 2790 suo
2506 2737 2700 2805 quique
2735 2736 2850 2790 loco
2876 2746 2929 2791 et
2956 2736 3142 2792 ordine
3188 2736 3372 2791 reﬂexi
3424 2737 3478 2790 iu
3526 2738 3703 2801 altum,

2158 2827 2222 2879 ad
2253 2842 2406 2880 unam
2432 2828 2735 2894 perveniunt
2760 2828 3139 2889 summitatem,
3163 2835 3429 2894 quatenus
3450 2828 3703 2895 aequalem

2159 2933 2316 2986 sopra
2341 2933 2399 2972 se
2430 2914 2737 2986 positionem
2769 2918 3099 2972 lucernarum
3127 2919 3340 2970 Valeant
3371 2931 3705 2981 conservam

2162 3008 2282 3072 quia
2313 3008 2558 3059 nimirum
2597 3008 2773 3069 electi,
2803 3006 2903 3059 etsi
2932 3007 3238 3061 meritorum
3287 3014 3417 3059 sant
3464 3007 3708 3075 gradibus

2164 3091 2397 3156 discreti,
2430 3107 2531 3145 una
2569 3103 2691 3144 sunt
2724 3091 2825 3144 ﬁde
2853 3092 3085 3144 veritatis
3115 3091 3327 3153 imbuti,
3362 3093 3427 3142 ad
3461 3108 3618 3143 unam
3660 3092 3703 3143 in

2158 3182 2307 3237 cmlis
2338 3182 2508 3235 lucem
2555 3192 2765 3234 aeterna:
2798 3180 3032 3233 veritatis
3065 3182 3365 3246 perventuri
3400 3190 3495 3233 :et
3515 3189 3707 3251 quanto

2158 3272 2377 3343 quisque
2405 3273 2561 3326 altius
2591 3272 2643 3325 in
2681 3271 2778 3324 hac
2807 3271 2909 3325 vita
2934 3270 3145 3323 Christo
3175 3269 3455 3323 adba~rere
3497 3284 3709 3324 curare»-

2161 3365 2251 3426 rit,
2278 3374 2422 3417 tanto
2455 3364 2676 3418 vicinior
2702 3364 2751 3415 in
2785 3362 2873 3415 illa
2900 3362 3002 3414 vita
3033 3362 3148 3429 ejus
3186 3346 3624 3421 visionel’ruitur,
3647 3362 3708 3412 ita

2162 3465 2216 3505 ut
2245 3454 2312 3506 de
2343 3455 2648 3517 quibusdam
2691 3468 2785 3519 pro
2828 3466 3027 3518 magna:
3074 3452 3265 3502 merito
3314 3452 3529 3502 virtutis
3576 3452 3710 3502 dica-

2165 3551 2282 3595 tur:
2311 3540 2384 3594 Ili
2418 3550 2532 3593 sunt
2571 3540 2657 3609 qui
2684 3549 2957 3603 sequuntur
2981 3540 3180 3605 Agitant
3209 3552 3519 3605 quocunque
3548 3537 3710 3587 abierit

2164 3634 2342 3702 (Apoc.
2380 3632 2511 3699 xw).
2543 3630 2616 3683 De
2645 3627 3012 3696 quihuspanlo
3050 3636 3191 3687 autc,
3222 3626 3375 3694 quasi
3425 3630 3493 3677 de
3542 3624 3707 3691 presi-

2162 3725 2262 3776 mis
2291 3721 2610 3776 candelabro
2640 3719 2875 3782 calamis,
2920 3718 3252 3787 praemissum
3283 3724 3366 3768 est
3396 3733 3409 3765 :
3436 3713 3510 3766 Et
3539 3721 3712 3767 caute-

2162 3815 2277 3865 bant
2305 3813 2449 3878 quasi
2478 3810 2725 3863 canticum
2758 3823 2935 3860 nerunt
2976 3818 3089 3858 ante
3114 3806 3299 3863 sea‘ent.
3344 3815 3395 3857 et
3441 3812 3562 3855 ante
3594 3817 3713 3869 qu-

2162 3910 2278 3953 tnor
2331 3899 2573 3951 animalia
2628 3907 2673 3948 et
2725 3898 2945 3948 seniores
2993 3892 3205 3962 (Ibid.).
3262 3892 3361 3946 Ubi
3422 3892 3715 3945 ostenditur

2164 3989 2301 4058 quod
2328 4001 2514 4041 omnes
2542 3987 2707 4037 sancti
2743 3999 2835 4049 per
2866 3984 3061 4050 plateas
3087 3996 3329 4047 supernae
3361 3982 3509 4034 illius
3538 3981 3717 4035 civita-

2167 4078 2251 4140 tis,
2285 4076 2542 4130 canticum
2577 4072 2771 4125 lietitite
2802 4086 2989 4123 novum
3045 4070 3269 4122 Domino
3317 4078 3562 4123 cantant.
3612 4072 3713 4124 Sed

2166 4165 2196 4216 il
2223 4164 2236 4215 i
2267 4178 2372 4228 pra:
2402 4160 2613 4215 caneris
2644 4159 2713 4211 ibi
2746 4156 3025 4224 Specialius
3051 4157 3242 4225 gaudio
3268 4158 3522 4209 carminis
3553 4157 3715 4210 subli-

2168 4263 2398 4315 mantnr,
2434 4250 2522 4317 qui
2548 4249 2632 4301 hic
2657 4247 2956 4315 generalem
2988 4246 3144 4304 vitam
3180 4246 3414 4300 ﬁdelium
3446 4246 3716 4315 privilegio

2166 4358 2331 4398 saera:
2357 4338 2670 4409 virginitatis
2701 4337 3158 4391 transcenderunt.
3516 4324 3521 4331 “

2236 4432 2356 4484 Tres
2380 4428 2575 4499 scyphi,
2600 4427 2741 4496 quasi
2781 4428 2833 4479 in
2872 4426 3017 4478 nucis
3036 4427 3261 4489 modum,
3293 4434 3400 4479 etc.
3427 4424 3629 4480 Nucem
3668 4426 3717 4479 in

2172 4521 2331 4589 ﬁgura
2363 4519 2641 4588 praesentis
2690 4516 2939 4568 Ecclesia:
2986 4514 3104 4581 poni
3155 4514 3346 4576 splere,
3381 4514 3719 4569 testamrS-‘I-

2177 4612 2370 4669 lomon,
2404 4608 2488 4671 qui
2522 4621 2585 4658 ex
2635 4603 3161 4671 persoua'doctorum
3197 4603 3428 4656 ﬁdelium
3453 4605 3718 4670 loquitur:

2174 4698 2441 4758 Dsrendi,
2472 4694 2651 4747 dicens
2689 4695 2737 4745 in
2768 4693 2983 4745 Cantico
3024 4694 3368 4755 canticorum,
3412 4693 3481 4744 ad
3527 4694 3719 4761 hmani

2174 4799 2377 4847 nucum,
2432 4789 2484 4833 ut
2531 4784 2745 4832 viderem
2778 4796 2925 4849 poma
2965 4780 3201 4831 convallis
3231 4778 3406 4848 (Cant.
3451 4782 3554 4847 vr).
3584 4779 3720 4833 Sient

2171 4874 2309 4939 enim
2343 4887 2443 4923 nux
2477 4870 2681 4923 dulcem
2722 4870 2935 4938 quidem
2983 4868 3141 4923 habet
3167 4868 3415 4930 (fructum
3471 4867 3718 4929 interius.

2170 4962 2262 5016 sed
2292 4976 2394 5014 non
2424 4960 2561 5013 hunc
2594 4960 2878 5013 ostendere
2908 4958 3057 5020 loris,
3101 4958 3201 5009 nisi
3236 4956 3402 5007 fracta
3446 4962 3602 5009 testa
3627 4955 3719 5010 du-

2165 5046 2307 5115 ritia,
2342 5060 2513 5119 potest
2540 5068 2550 5101 :
2581 5052 2658 5103 sic
2686 5048 2947 5115 justurum
2973 5046 3075 5098 vita
3100 5057 3354 5112 prmsens,
3388 5045 3458 5095 ita
3498 5044 3723 5098 suavis:

2173 5152 2273 5195 tem
2318 5142 2500 5209 gratia:
2543 5137 2834 5206 Spiritnalis
2889 5135 3073 5187 intimo
3104 5132 3268 5185 corde
3313 5144 3626 5201 conservat,
3668 5138 3723 5187 ut

2171 5234 2281 5287 hazc
2307 5248 2334 5285 a
2367 5230 2616 5298 proximis
2646 5235 2837 5294 quanta
2867 5225 2956 5286 sit,
2992 5224 3290 5275 nullatenus
3320 5225 3489 5277 valeat
3518 5222 3717 5294 perspi-

2170 5320 2448 5388 ci,'donec,
2475 5318 2647 5372 soluto
2672 5314 2911 5381 corporis
2935 5310 3223 5377 domicilio,
3250 5313 3417 5366 libere
3449 5327 3512 5366 se
3534 5314 3718 5367 anili:

2171 5414 2401 5479 ipsorqu
2450 5410 2756 5461 alterutrum
2790 5404 2842 5457 in
2873 5400 3078 5455 coalein
3123 5399 3240 5455 lure
3288 5401 3645 5469 conspiciant,
3671 5406 3723 5455 et

2170 5509 2358 5569 quanta
2385 5497 2604 5565 singulae
2628 5494 2790 5563 gratia
2821 5490 2986 5545 sancti
3010 5488 3240 5558 Spiritus
3271 5489 3537 5557 fulgeant,
3562 5503 3721 5557 qust—

2173 5604 2280 5647 tum
2328 5601 2651 5656 unaquaeque
2694 5582 2942 5650 diligatur
2984 5580 3051 5633 ab
3096 5578 3285 5645 altera,
3331 5581 3463 5653 nulli
3510 5589 3724 5649 prorsus

2176 5688 2443 5740 remaneat
2474 5675 2757 5733 occultum.
2793 5669 3052 5739 Fiuntque
3094 5667 3281 5736 scyphi
3316 5667 3372 5722 in
3411 5664 3724 5727 candetum
