3898 6260
209 422 315 481 M7

1043 419 1129 475 DE
1167 414 1664 475 TABERNACULO
1703 412 1787 468 ET
1830 412 2017 471 VASlS
2058 414 2231 470 EJUS.
2270 443 2338 456 —
2377 415 2502 470 LIB.
2540 414 2580 473 Ι.

3325 418 3417 473 "3

209 538 280 589 ad
308 548 453 588 nucis
482 532 715 595 modum,
757 544 880 583 cum
925 530 1148 598 quilibet
1194 530 1350 586 electi
1380 529 1504 583 vino
1553 527 1764 596 sapien-
1793 529 1835 584 Λ
1865 524 2117 588 cmlestis,
2149 523 2469 585 invenimus,
2509 522 2648 591 quod
2677 537 2782 575 non
2832 531 2974 575 utres
3030 532 3257 590 veteres,
3310 524 3413 579 hoc

213 629 304 680 tite
332 627 516 693 repleri
563 623 943 684 desiderantes,
987 621 1051 674 ad
1082 622 1386 688 exemplum
1432 632 1551 673 sese
1596 617 1763 671 infor-

211 728 361 768 mare
397 722 635 780 satagnnt
665 709 1071 779 przeceden'tinm
1092 710 1379 773 jn~torum,
1411 720 1544 775 quos
1574 718 1762 772 magna

215 803 556 858 invisibilium
587 803 842 859 bonorum
873 798 1148 852 dulcedine
1180 812 1240 849 ac
1269 796 1553 850 dilectione
1576 798 1760 863 plenos

210 906 332 947 esse
378 900 654 945 noverunt.
701 888 850 956 Quod
895 896 1069 939 autem
1117 902 1210 953 per
1253 885 1487 953 singulos
1532 884 1763 938 calamos

213 995 325 1038 Hes
354 982 502 1037 fuere
530 981 735 1048 scyphi,
767 979 1044 1044 sphazrnhe
1073 986 1127 1029 et
1165 977 1292 1039 lilia.
1344 973 1604 1042 signiﬁcat
1650 982 1759 1025 ter-

208 1083 310 1123 ms
354 1079 644 1134 temporum
691 1062 1054 1130 differentias,
1099 1062 1290 1129 quibus
1336 1060 1488 1113 electi
1538 1067 1590 1111 et
1640 1067 1762 1109 ante

206 1156 627 1211 incarnationem
678 1153 1027 1215 dominicam,
1076 1159 1131 1204 et
1184 1158 1363 1217 postea
1420 1148 1532 1200 Deo
1585 1147 1759 1200 devoti

203 1247 478 1299 vixerunt.
510 1243 741 1296 Fuerunt
778 1242 974 1296 etenim
1003 1238 1129 1307 justi
1167 1248 1288 1291 ante
1326 1238 1517 1305 legem,
1549 1235 1762 1289 fuerunt

206 1339 311 1394 διώ
335 1338 466 1406 lege,
500 1325 710 1389 fuerunt
734 1332 1054 1401 temporibus
1082 1330 1473 1399 projthetarum.
1494 1327 1621 1380 Item
1646 1342 1676 1393 p
1703 1336 1764 1378 st

202 1426 573 1479 ascensimiem
603 1423 919 1478 dominicam
950 1427 1265 1488 congregata
1286 1429 1364 1471 est
1393 1417 1628 1469 Ecclesia
1658 1413 1763 1483 prl-

203 1514 389 1567 mitiva
416 1513 483 1568 de
513 1514 687 1578 Israel,
710 1524 713 1527 ‘
736 1520 1082 1581 congregatur
1107 1522 1245 1561 nunc
1268 1507 1512 1561 .Ecclesia
1542 1505 1609 1559 de
1638 1521 1762 1574 gen-

206 1603 370 1667 tibus,
389 1601 754 1672 cengreganda
775 1610 858 1654 est
877 1600 928 1652 in
949 1599 1051 1652 line
1071 1597 1243 1650 mundi
1266 1596 1330 1649 de
1351 1595 1566 1664 reliquis
1583 1594 1759 1647 lsiael.

203 1692 449 1747 llahebat
469 1707 595 1761 ergo
623 1692 857 1761 calamus
887 1692 1085 1757 primus
1108 1689 1158 1741 in
1189 1704 1292 1741 uno
1323 1688 1483 1741 latere
1513 1697 1619 1739 tres
1642 1700 1763 1754 sey-

205 1784 365 1849 phos,
393 1783 685 1852 sphaerulas
713 1791 766 1837 et
794 1781 904 1835 lilia
930 1780 1050 1849 quia
1079 1781 1130 1832 in
1164 1790 1310 1845 parte
1336 1779 1613 1831 doctorum
1641 1784 1763 1829 ante

1862 621 1945 666 est
1980 625 2183 668 mentes
2209 616 2434 667 terrenis
2457 613 2627 667 adhuc
2648 612 2923 667 desideriis
2944 612 3284 679 iulia-rentes,
3315 614 3410 669 sed

1864 713 2064 757 tantum
2107 702 2348 758 innovata
2381 720 2473 771 per
2499 704 2749 772 Spiritum
2782 705 2965 771 gratiae
2991 706 3150 757 corda
3182 704 3413 761 ﬁdelium

1862 809 2049 863 capere
2077 808 2295 862 queunt.
2331 798 2464 848 Sunt
2490 810 2583 863 per
2603 796 2837 865 singulos
2857 799 3087 864 scyphos
3113 799 3416 864 sphaerohr,

1863 885 2016 938 s‘mul
2040 897 2093 938 et
2125 887 2228 938 lilia
2279 886 2595 952 deformata,
2654 888 2777 956 quia
2829 886 2964 941 ideut
3022 888 3294 951 Dominus,
3324 889 3419 957 qni

1864 972 2103 1039 poculum
2152 973 2302 1026 nobis
2327 974 2597 1040 sapientiae
2626 976 2915 1044 spiritualis
2956 978 3268 1044 propinavit,
3296 994 3417 1032 cur-

1863 1079 1977 1117 sum
2027 1080 2235 1133 quoque
2268 1066 2368 1132 pia:
2424 1065 2745 1132 operationis
2793 1067 3102 1121 inoﬂ'ensntn
3151 1083 3410 1133 aeprom-

1865 1161 2008 1218 ptum
2036 1163 2089 1205 i-t
2122 1155 2202 1204 ha'
2225 1154 2418 1206 endnm
2450 1154 2603 1208 nobis
2630 1156 2889 1209 ostendit:
2916 1166 2969 1211 et
2996 1169 3054 1210 ut
3082 1159 3274 1213 habere
3297 1172 3417 1227 pos-

1862 1235 2051 1309 sitntis,
2103 1245 2217 1312 ipse
2264 1245 2498 1305 donabit,
2533 1253 2588 1298 et
2615 1260 2681 1299 ne
2713 1246 2763 1298 iit
2792 1262 3009 1299 vacuum
3056 1264 3414 1314 currerrntus,

1862 1332 2151 1386 claritatem
2180 1334 2332 1387 nobis
2353 1333 2535 1401 patrire
2552 1335 2803 1400 etulestis,
2828 1337 2891 1389 ad
2918 1351 3071 1403 quant
3118 1338 3417 1392 intendere.

1863 1436 1998 1486 mus,
2054 1424 2292 1487 promisit
2321 1441 2333 1475 :
2365 1432 2418 1477 ct
2462 1410 2635 1489 huius
2669 1427 2820 1479 nobis
2870 1426 3069 1480 aditum
3120 1442 3214 1481 sua
3249 1431 3413 1494 gratia

1865 1514 2129 1580 patefecit,
2179 1514 2257 1566 vel
2306 1524 2472 1578 certe,
2523 1516 2643 1581 quia
2688 1519 2786 1589 sub
2833 1517 3036 1571 duobus
3077 1519 3295 1572 calamis
3324 1533 3416 1587 per

1865 1603 1963 1656 tria
1994 1603 2105 1656 loca
2160 1604 2368 1671 scyphi,
2399 1603 2676 1670 Spltanulre
2704 1615 2757 1659 ct
2785 1606 2890 1659 lilia
2934 1606 3045 1660 ﬁeri
3078 1606 3413 1661 mandantur.

1865 1691 2151 1745 Possumus
2183 1693 2294 1745 ha‘c
2326 1693 2394 1745 ita
2421 1692 2641 1761 mystice
2691 1695 3047 1761 interpretari,
3088 1697 3205 1761 quia
3248 1697 3416 1750 tribus

1867 1780 2096 1832 lidelium
2146 1781 2412 1847 graditus,
2442 1781 2508 1833 de
2535 1782 2725 1847 quibus
2755 1783 2949 1846 smpius
2996 1782 3245 1849 disituus,
3282 1796 3417 1836 con—

201 1875 621 1926 incarnationem
666 1870 872 1925 Domini
901 1878 1051 1923 erant
1081 1877 1187 1921 tres
1217 1867 1427 1921 ordines
1458 1880 1641 1919 eorum
1673 1868 1758 1930 qui
1794 1885 1840 1943 Β
1864 1869 2167 1935 jngatorum
2220 1869 2441 1931 scilicet,
2501 1870 2880 1923 continentium
2911 1880 2965 1923 et
3017 1870 3313 1939 virginum,
3365 1882 3418 1924 tt

203 1968 451 2015 haustum
500 1964 684 2028 gratia:
724 1959 978 2020 cteleStis,
1010 1959 1161 2024 quasi
1214 1955 1398 2025 scyphi
1446 1953 1678 2014 sitirent,
1712 1954 1760 2007 in

201 2052 347 2104 viam
381 2051 586 2103 Domini
614 2050 1030 2120 promptissime,
1060 2044 1210 2113 quasi
1264 2044 1545 2110 spltterulze
1573 2055 1760 2095 curre-

199 2151 344 2202 rent,
378 2155 622 2207 superare
647 2140 844 2192 donum
886 2133 1272 2196 retributiOnis,
1303 2131 1452 2198 quasi
1480 2130 1760 2184 candorem

200 2236 437 2310 lilioruin
468 2232 791 2295 odoremque
819 2229 1107 2299 gaudenter
1140 2233 1510 2294 exspectarent
1539 2243 1550 2277 :
1585 2224 1634 2279 id
1659 2233 1760 2291 est,

197 2336 331 2378 ante
362 2326 551 2393 legent,
584 2324 682 2376 sub
713 2323 848 2390 iege,
876 2320 975 2374 sub
998 2316 1287 2387 prophetis.
1320 2315 1601 2370 Secundus
1626 2315 1761 2368 cala-

201 2427 325 2466 tnns
347 2422 399 2465 ct
429 2417 538 2480 ipse
568 2410 792 2464 habebat
823 2418 930 2462 tres
960 2408 1210 2476 scyphos,
1236 2405 1524 2473 spluerulas
1549 2412 1604 2458 et
1632 2403 1759 2468 lilia,

198 2502 329 2570 quia
360 2502 691 2553 coiitinentes
730 2498 869 2551 illius
920 2495 1171 2563 temporis
1218 2510 1369 2561 :Btjlle
1399 2502 1505 2546 tres
1551 2493 1762 2547 ordines

199 2603 510 2644 sanctorum
555 2590 606 2642 in
638 2587 849 2657 praelata
890 2586 1229 2640 distinctione
1262 2593 1557 2652 temporum
1605 2584 1760 2637 liabe-

205 2684 361 2745 liant,
411 2693 591 2749 potum
636 2679 961 2746 spiritualem
1008 2678 1393 2738 desiderantes,
1439 2677 1573 2727 viam
1616 2690 1763 2727 man-

200 2773 449 2823 datorum
484 2769 688 2821 Domini
714 2778 1009 2829 currentes,
1039 2776 1093 2819 et
1120 2766 1353 2819 ctelcstia
1385 2764 1595 2830 praemia
1627 2777 1760 2829 pra:-

200 2861 485 2915 SlOlnnleS.
517 2858 723 2911 Tertius
763 2857 1007 2909 similiter
1036 2856 1269 2909 calamus
1299 2864 1405 2906 tres
1433 2853 1662 2920 scyphos
1707 2861 1761 2905 et

202 2951 522 3019 Spinerulas,
566 2958 616 3000 et
663 2949 759 2999 tria
804 2944 1030 2998 habebat
1074 2945 1180 2997 lilia
1208 2966 1219 2995 ;
1252 2942 1372 3011 quia
1430 2940 1578 2994 inulti
1608 2948 1759 2993 erant

200 3038 468 3107 cenjngati
513 3049 633 3091 ante
667 3038 855 3104 legem,
891 3034 1039 3088 multi
1070 3033 1168 3087 sub
1210 3032 1345 3101 lege,
1387 3028 1537 3082 inulti
1571 3030 1621 3081 in
1650 3030 1758 3081 ilic-

200 3130 307 3183 bus
350 3129 742 3197 prophetarum,
774 3126 864 3196 qui
895 3124 1109 3179 verbum
1165 3122 1370 3175 Domini
1420 3120 1625 3184 audire,
1670 3121 1756 3187 qui

1864 1956 2156 2008 doctrinam
2206 1958 2441 2011 veritatis
2482 1961 2709 2025 aperuit,
2740 1971 2791 2011 et
2819 1973 3031 2012 cursum
3086 1960 3204 2012 horti
3236 1960 3412 2027 operis

1865 2045 2174 2113 imperavit,
2221 2055 2274 2099 et
2326 2047 2907 2115 luereditatis\seniper
2957 2048 3407 2103 immarcesctbilis

1862 2146 2016 2200 atque
2070 2134 2386 2202 incorrupte
2467 2136 2883 2191 benedictionem
2961 2140 3201 2202 promisit
3250 2149 3410 2209 atque

1862 2223 2099 2278 donavit.
2153 2224 2215 2277 Et
2240 2239 2362 2293 apte
2384 2227 2585 2295 scyphi,
2633 2227 2915 2293 splucrnlte
2944 2236 2995 2280 et
3027 2227 3134 2280 l.lia
3164 2230 3414 2283 candela-

1865 2316 1941 2369 bri
1975 2332 2078 2368 tton
2105 2330 2263 2383 super
2288 2316 2538 2379 calamos,
2573 2317 2664 2370 sed
2702 2317 2802 2371 sob
2838 2318 3050 2371 calamis
3076 2332 3195 2372 esse
3216 2319 3411 2387 juben-

1865 2414 1949 2458 tur
1979 2422 1993 2469 ;
2022 2407 2141 2473 quia
2172 2406 2329 2457 corda
2362 2408 2779 2473 prredicantlnm,
2807 2408 2914 2462 imo
2943 2409 3177 2462 omnium
3207 2412 3406 2464 electo-

1862 2510 2001 2555 rum,
2055 2512 2119 2547 ne
2164 2495 2225 2546 ad
2276 2496 2449 2548 intima
2490 2497 2659 2549 delabi
2692 2496 2910 2565 po~sint,
2943 2498 3115 2558 donis,
3146 2500 3405 2552 titantlatis

1866 2598 1917 2640 et
1941 2584 2376 2654 proniissionibns
2421 2587 2697 2640 dominicis
2741 2598 3127 2654 sustentantur,
3162 2599 3319 2658 atque
3341 2590 3408 2643 ad

1862 2677 2083 2733 amanda
2114 2686 2167 2732 et
2221 2679 2505 2751 quaerenda
2558 2679 2793 2733 cmlestia
2844 2680 3203 2734 sublevantur.
3277 2681 3411 2737 llinc

1862 2766 2058 2819 etenim
2090 2778 2270 2819 sancta
2308 2767 2561 2828 Ecclesia,
2596 2768 2843 2822 videlicet
2870 2784 3061 2836 Sponsa
3092 2768 3313 2833 Christi,
3345 2772 3414 2825 de

1863 2855 1977 2921 ipso
2003 2856 2280 2922 gloriatur,
2315 2856 2495 2908 diccn~
2520 2874 2531 2908 :
2578 2856 2728 2908 Livva
2758 2860 2865 2926 ejus
2887 2860 2980 2910 sub
3007 2862 3171 2923 capite
3201 2876 3328 2923 mro,
3362 2870 3410 2911 et

1859 2943 2064 2995 dcx'era
2112 2944 2249 2995 illius
2322 2945 2694 3010 amplexabitur
2748 2963 2823 2999 me
2876 2946 3063 3015 (Cum.
3096 2949 3192 3016 tt
3254 2949 3405 3001 Lmvzt

1860 3032 2053 3100 quippe
2106 3034 2284 3100 sponsi
2336 3034 2436 3086 sob
2487 3037 2660 3100 capite
2686 3045 2766 3087 est
2796 3036 2963 3102 posita
3018 3040 3413 3107 SpUIISIB;quia
3452 3050 3460 3062 '

1863 3120 2239 3186 temporalibus
2286 3119 2558 3174 benetieiis
2601 3120 2728 3174 Dom
2757 3138 2851 3175 nos
2883 3132 3088 3177 utentes
3117 3126 3350 3179 lideliutn
3382 3141 3411 3179 a

203 3219 349 3271 viain
374 3216 490 3286 ejus
517 3231 753 3283 currere,
786 3216 875 3283 qui
903 3216 1156 3267 bonorum
1190 3210 1403 3279 praemia
1450 3223 1669 3278 operum
1694 3208 1761 3261 ab
1789 3212 1834 3272 C
1867 3213 2091 3269 terrenis
2135 3213 2485 3281 voluptatibus
2514 3224 2566 3267 et
2614 3213 3057 3282 concupiscentiis
3099 3230 3406 3285 segregans,

205 3311 325 3376 ipso
366 3317 673 3374 exspectare
713 3307 1022 3377 gauderent.
1056 3302 1182 3356 Item
1226 3316 1291 3355 ex
1340 3300 1443 3354 alio
1472 3301 1635 3354 latere
1666 3299 1759 3353 ha-

111 3448 115 3452 .
200 3395 366 3460 stilis,
389 3406 440 3450 et
468 3396 664 3463 primus
692 3395 948 3460 calamus,
971 3404 1020 3447 et
1044 3391 1399 3454 secundus,et
1426 3388 1631 3453 tertius,
1652 3398 1758 3443 tres

201 3486 436 3555 scyphos
483 3495 537 3538 et
583 3480 893 3553 sphaerulas.
931 3484 1029 3537 tria
1076 3496 1285 3552 quoque
1335 3481 1439 3533 lilia
1491 3479 1755 3533 habebat:

206 3576 334 3644 quia
367 3574 417 3627 iii
448 3573 591 3627 Novo
619 3588 827 3641 quoque
854 3572 1214 3632 Testamento,
1247 3580 1299 3624 et
1348 3571 1398 3621 iii
1430 3569 1757 3630 doctoribus,

204 3673 263 3719 et
294 3665 346 3716 in
395 3663 805 3725 continentibus,
853 3673 908 3715 et
956 3662 1005 3714 in
1055 3661 1347 3727 conjugatis
1398 3660 1506 3713 Deo
1554 3657 1759 3712 devotis

202 3765 320 3808 tres
372 3757 521 3809 luere
565 3752 778 3807 ordines
824 3761 1119 3819 temporum
1166 3750 1513 3803 distantium:
1545 3748 1644 3801 hoc
1679 3754 1760 3801 est

215 3846 269 3900 in
301 3845 563 3912 primitiva
593 3838 827 3897 Ecclesia
874 3843 940 3896 de
970 3840 1153 3904 Israel,
1199 3840 1248 3893 in
1298 3849 1473 3893 nostra
1504 3838 1760 3893 electione

202 3937 275 3991 tle
338 3936 608 4003 gentibus,
672 3935 727 3989 in
794 3934 975 3988 ultima
1037 3932 1357 3986 collectione
1420 3930 1758 3999 reliquiarum

206 4028 395 4091 Israel,
439 4026 526 4095 qui
568 4024 796 4079 universi
827 4024 1019 4092 quique
1060 4039 1156 4077 suo
1187 4034 1423 4091 tempore
1451 4023 1612 4076 verbo
1642 4022 1760 4077 vita)

205 4118 460 4182 ili-briari,
488 4116 538 4170 in
566 4117 701 4169 viam
735 4116 877 4184 pacis
907 4129 1212 4184 properare,
1241 4114 1524 4169 candorem
1570 4130 1762 4185 perpe-

204 4217 315 4261 tua:
345 4207 473 4259 locis
494 4205 673 4259 videre
701 4204 1023 4258 desiderant.

284 4295 347 4350 lu
374 4297 484 4364 ipso
513 4306 675 4349 autem
697 4296 995 4346 candelabro
1018 4303 1163 4346 erunt
1191 4305 1408 4361 quatuor
1435 4294 1632 4361 sryplii,
1655 4304 1757 4346 etc.

211 4386 454 4439 Diximus
525 4384 693 4450 ipsum
760 4382 1175 4442 candelabrum,
1230 4374 1289 4434 id‘
1337 4393 1456 4445 est,
1525 4383 1754 4447 stipi.ettt

210 4473 516 4529 candelabri
573 4471 835 4532 medium,
879 4470 946 4522 de
987 4485 1090 4536 qtto
1144 4470 1331 4522 calami
1383 4470 1754 4536 procedebant,

1861 3305 1927 3358 ad
1962 3303 2222 3372 speranda
2250 3319 2310 3358 ac
2354 3304 2705 3359 desideranda
2758 3316 3008 3374 perpetua
3050 3307 3185 3359 bona
3232 3307 3408 3373 erigit.

1865 3397 1930 3450 Et
1954 3397 2173 3451 dextera
2224 3397 2368 3450 illius
2424 3396 2815 3463 amplexabitur
2842 3410 2981 3460 eam,
3033 3396 3152 3463 quia
3201 3408 3414 3449 ostensa

1861 3487 2049 3539 divina:
2071 3484 2361 3551 ntajestatis
2384 3485 2523 3549 ejus,
2549 3486 2681 3537 visio
2706 3485 2843 3537 illam
2865 3484 2981 3538 sine
3007 3484 3108 3538 line
3122 3485 3409 3554 glorilicat.

1861 3578 1996 3645 Apte
2040 3576 2243 3642 scyphi,
2273 3574 2551 3641 sphaernlte
2577 3585 2628 3626 t-t
2658 3576 2762 3628 lilia
2794 3576 2892 3630 sub
2917 3576 3123 3629 duobus
3165 3586 3291 3631 sunt
3318 3593 3409 3631 ca-

1863 3664 2042 3730 lamis,
2070 3661 2189 3733 quia
2225 3665 2275 3717 in
2306 3673 2529 3733 utroque
2558 3665 2899 3720 Testamento
2931 3666 3195 3731 ﬁdelibus,
3227 3684 3413 3732 quani-

1859 3757 1937 3807 vis
1975 3756 2305 3809 cteremoniis
2329 3756 2665 3817 distantibus,
2706 3756 2892 3810 eadem
2938 3757 3155 3811 devotio
3195 3758 3415 3813 Domino

1858 3843 2117 3897 serviendi
2157 3843 2425 3908 mandata,
2455 3846 2639 3898 eadem
2662 3856 2741 3898 est
2762 3846 2929 3914 gloria
2986 3846 3131 3914 regni
3182 3848 3411 3905 rtelestis

1859 3948 2191 3993 censcrvata.
2245 3940 2471 4004 Quartus
2514 3948 2689 3991 autem
2733 3940 3000 4007 scyphus,
3046 3938 3308 4005 apha-rnla
3351 3952 3406 3992 et

1862 4029 2049 4094 lilium,
2080 4042 2195 4095 qnte
2224 4042 2379 4094 supra
2410 4027 2642 4081 Calamus
2668 4027 3021 4093 omnesjuxta
3048 4028 3404 4079 summitatem

1861 4120 2005 4172 fuere
2032 4118 2332 4171 candelabri
2376 4116 2562 4181 ipsius,
2593 4117 2803 4183 proprie
2835 4115 2896 4168 ad
2928 4116 3203 4169 Dominum
3239 4126 3351 4181 pert
3373 4144 3409 4159 -

1860 4217 1946 4260 net
1977 4195 2322 4265 salvatorem,
2353 4209 2441 4271 qui
2494 4221 2595 4255 nou
2624 4205 2793 4257 solum
2817 4204 3002 4257 electis
3031 4203 3140 4258 suis
3157 4205 3405 4258 virtutum

1858 4293 2158 4353 scientiam,
2201 4293 2559 4358 operationem
2581 4332 2595 4353 ,
2623 4300 2677 4344 et
2698 4294 3172 4346 remunerationem
3204 4294 3406 4356 tribuit,

1859 4400 2037 4437 verum
2064 4384 2222 4437 etiam
2253 4383 2302 4435 iti
2334 4384 2512 4450 seipse
2552 4383 2689 4437 idem
2722 4384 2879 4438 homo
2906 4384 3149 4438 Christus
3178 4386 3396 4455 liguraot

1861 4473 2149 4527 ostendens
2198 4471 2401 4541 scyphi,
2451 4487 2569 4525 cum
2614 4487 2672 4526 se
2715 4472 2924 4540 plenum
2977 4473 3173 4543 Spiritu
3227 4484 3409 4527 sancto

213 4565 496 4617 Dominum
524 4561 848 4613 Salvatorem
876 4558 1184 4625 designare;
1215 4558 1281 4611 de
1306 4557 1454 4623 cujus
1480 4559 1644 4627 gratia
1671 4557 1755 4626 jn-
1784 4537 1835 4597 ο
1861 4559 2171 4615 declaravit:
2201 4537 2421 4612 fortnam
2447 4537 2728 4627 praetendit
2749 4561 2989 4629 spherae,
3012 4537 3130 4614 cum
3153 4576 3410 4629 apparens

209 4655 305 4711 sti.
336 4648 588 4717 quidquid
617 4648 740 4700 boni
764 4648 979 4712 habent,
1009 4663 1053 4700 at
1073 4660 1345 4713 ceperunt.
1385 4647 1532 4701 Unde
1562 4648 1673 4716 ipse
1705 4649 1755 4702 iit

213 4738 517 4808 Evangelia,
569 4751 685 4789 cum
740 4736 964 4789 dixisset
992 4735 1262 4803 discipulis
1294 4754 1305 4788 :
1342 4735 1447 4804 Ego
1487 4752 1596 4788 sum
1622 4738 1754 4801 vilis,

208 4847 298 4885 vos
342 4829 602 4898 palmites;
642 4828 889 4878 continuo
936 4825 1203 4889 subjuusit
1230 4843 1240 4876 :
1269 4826 1413 4879 Sicut
1442 4827 1633 4891 palmes
1659 4843 1758 4878 non

210 4930 369 4991 potest
396 4920 529 4987 ferre
555 4918 772 4983 fructum
798 4932 827 4965 α
856 4914 1136 4981 semetipso,
1170 4915 1264 4963 nisi
1288 4915 1520 4965 nmnserit
1550 4916 1600 4966 in
1626 4916 1754 4977 vite;

210 5015 286 5064 sic
329 5026 413 5061 nec
441 5025 546 5069 vos,
591 5008 687 5058 nisi
726 5006 776 5056 in
821 5021 897 5055 me
920 5004 1202 5054 mamciitis
1247 5001 1425 5067 (Joan.
1462 5004 1575 5071 xv),
1600 5006 1757 5069 Quasi

211 5100 333 5152 aliis
362 5100 533 5151 verbis
562 5097 761 5150 diceret
789 5112 801 5146 :
854 5094 962 5159 Ego
993 5108 1106 5144 sum
1137 5094 1535 5154 candelabrum,
1583 5106 1635 5147 et
1666 5112 1755 5145 γης

213 5188 401 5244 calami
424 5186 526 5240 mei
557 5204 567 5237 :
601 5187 736 5240 sicut
781 5185 1015 5237 calamus
1045 5198 1145 5236 non
1177 5191 1345 5247 potest
1374 5196 1431 5233 se
1461 5183 1664 5249 erigi-re
1696 5188 1757 5236 ad

213 5275 627 5344 supportandam
677 5276 965 5339 lucernam,
1000 5273 1097 5325 nisi
1130 5274 1261 5324 lixus
1314 5272 1566 5323 manserit
1595 5274 1644 5323 in
1670 5282 1758 5324 st:-

215 5369 326 5437 pite
349 5365 645 5418 candelabri
675 5382 686 5415 :
721 5366 795 5416 sic
848 5379 944 5417 nec
983 5379 1097 5427 vos,
1121 5362 1221 5416 nisi
1246 5362 1295 5414 in
1322 5374 1407 5414 me
1436 5363 1755 5423 manseritis,

212 5461 388 5516 lucem
420 5454 651 5506 veritatis
674 5468 734 5506 ae
758 5456 877 5508 lidet
905 5456 952 5507 in
986 5457 1135 5508 vobis
1166 5454 1305 5508 ferre
1332 5454 1533 5507 valetis.
1569 5454 1624 5507 In
1654 5471 1759 5521 quo

212 5549 463 5604 nimirum
492 5544 807 5599 candelabro
836 5556 1058 5614 quatuor
1101 5546 1281 5615 scyphi
1313 5554 1435 5597 sunt
1464 5545 1609 5608 lacti,
1636 5548 1754 5613 quia

210 5642 266 5695 in
310 5644 531 5706 quatuor
580 5634 724 5687 libris
770 5637 935 5689 sancti
984 5635 1286 5704 Evangelii,
1319 5635 1406 5702 qui
1439 5634 1506 5687 de
1530 5634 1756 5689 Domino

209 5739 335 5787 sunt
360 5723 661 5794 conscripti,
688 5735 892 5793 gustum
943 5727 1046 5781 vini
1080 5729 1223 5789 novi,
1259 5726 1356 5781 hoc
1386 5733 1464 5781 est
1497 5725 1754 5783 doctrina:

1864 4654 1914 4706 in
1939 4651 2156 4715 mundo,
2182 4650 2379 4718 absque
2405 4650 2512 4703 ullo
2539 4651 2717 4703 Cll‘Cll'I
2742 4651 3083 4717 strepentium
3112 4664 3285 4702 rerum
3315 4651 3415 4705 ιιιιο.

1862 4742 2080 4805 staculo,
2102 4741 2365 4793 exsultavit
2394 4748 2445 4791 ut
2484 4738 2627 4807 gigas
2655 4739 2720 4789 ad
2742 4738 3044 4790 currendum
3088 4739 3217 4790 riam
3237 4736 3408 4807 (Psal.

1863 4832 2051 4900 xviii):
2086 4834 2315 4899 speciem
2352 4828 2662 4883 monstravit
2709 4823 2841 4892 lilii,
2894 4843 3011 4882 cum
3053 4843 3334 4898 resurgens
3378 4846 3407 4881 a

1864 4922 2106 4983 mortuis,
2124 4930 2283 4988 atque
2300 4920 2362 4973 ad
2387 4921 2548 4972 caelos
2574 4918 3214 4977 ascendens.elariliratus
3234 4930 3315 4975 est
3346 4909 3408 4974 ea

1862 5013 2097 5066 claritate
2126 5024 2281 5077 quam
2311 5007 2494 5059 habuit
2521 5007 2820 5074 priusquam
2854 5009 3078 5063 mundus
3104 5018 3243 5062 esset
3273 5012 3407 5074 aptnl

1864 5102 2068 5153 l’alrem
2099 5098 2270 5167 (.Iomt.
2296 5096 2445 5163 sui).
2483 5096 2537 5148 Et
2580 5108 2721 5149 reete
2751 5096 2832 5149 hic
2852 5100 3099 5165 scyphus.
3129 5098 3329 5163 spira-ra
3356 5106 3409 5149 et

1865 5190 2025 5242 lilium
2058 5187 2269 5240 calamis
2298 5184 2450 5237 altior
2493 5183 2790 5249 eminebat;
2823 5186 2943 5251 quia
2975 5185 3211 5236 nimirum
3246 5184 3403 5249 dona,

1862 5294 1977 5345 qua:
2008 5275 2269 5331 Mediatori
2296 5275 2382 5327 Dei
2411 5283 2463 5327 et
2492 5274 2781 5337 hominum,
2815 5273 3173 5346 hominquesu
3199 5272 3407 5349 Christo

1865 5367 2000 5421 Dens
2032 5365 2184 5420 Pater
2212 5363 2450 5421 contulit.
2469 5379 2677 5417 omnem
2705 5366 2940 5413 humanm
2962 5362 3262 5427 capacitatis
3285 5380 3407 5417 tno-

1854 5455 1977 5508 dutn
1996 5453 2387 5505 transcendunt.
2409 5451 2689 5515 Unicuique
2701 5450 2828 5501 enim
2845 5460 3068 5501 nostrum
3084 5452 3200 5503 data
3211 5462 3407 5522 estgra-

1854 5548 1923 5597 tiu
1938 5542 2207 5597 secundum
2226 5557 2509 5594 mensuram
2526 5540 2807 5593 donationis
2820 5537 3023 5593 Christi.
3042 5539 3104 5593 In
3122 5543 3228 5609 ipso
3240 5554 3404 5595 autem

1854 5636 2069 5695 Christo,
2087 5632 2511 5699 sicutApostolus
2532 5633 2620 5694 ait,
2638 5630 2826 5683 habitat
2840 5631 2999 5682 omnis
3017 5632 3275 5699 plenitudo
3291 5635 3404 5686 diri-

1855 5729 2025 5782 nitatis
2043 5727 2369 5793 corporaliter
2401 5723 2613 5791 (Ep/tes.
2637 5727 2733 5789 tv).
2765 5722 2903 5778 Bene
2928 5732 3101 5778 autem
3128 5724 3358 5795 sequitur
3390 5743 3400 5777 :
