3898 6260
517 387 615 440 “9

993 385 1191 439 uram}:
1236 383 1674 439 VENlillAllllJS
1714 383 1994 438 OPERUM
2036 383 2051 437 I

2154 382 2208 440 lS
2245 383 2302 438 ll.
2350 413 2417 424 -
2455 384 2835 442 EXEGETICA
2877 385 3199 443 CENUINA.

3608 389 3696 446 ζεῦ

586 495 648 546 Et
670 494 876 560 splia't‘lt'
895 495 1046 562 igitur
1072 504 1116 548 et
1146 493 1328 546 calami
1350 509 1411 546 ca:
1439 495 1566 561 ipso,
1586 501 1690 547 etc.
1715 490 1882 546 O.une
1903 491 2044 545 enim
2074 496 2119 551 Δ
2149 499 2350 558 septem
2401 493 2626 546 lucerna:
2674 494 2976 549 candelabri
3041 497 3229 550 merito
3268 497 3562 565 deuguare
3590 514 3698 552 etes

513 600 642 650 opus
669 585 983 645 candelabri,
1009 584 1106 636 hoc
1132 594 1214 636 est
1241 595 1293 635 et
1322 586 1484 650 stipes
1525 583 1748 644 medius,
1785 590 1839 635 et
1863 581 2045 634 calami

517 690 576 723 es
609 674 720 738 ipso
751 673 1114 737 procedentes,
1143 687 1262 724 cmn
1296 674 1436 723 mnui
1459 687 1555 724 suo
1578 679 1785 734 ornatu,
1817 669 1884 723 de
1913 683 2044 720 auro

515 763 676 824 liuut;
726 761 844 826 quia
877 771 926 814 et
957 762 1206 813 Dominus
1245 761 1356 826 ipse
1398 761 1696 826 specialiter
1745 761 1990 812 immunis
2017 772 2049 811 a

521 858 763 916 peccato,
810 859 966 916 atque
1007 849 1255 915 operibus
1281 847 1494 915 justitia:
1517 863 1607 916 per
1629 847 1799 900 omnia
1831 847 2047 916 praecla-

515 951 623 996 rus,
670 937 719 988 iu
768 936 960 988 munda
1001 937 1272 1004 apparuit;
1326 945 1378 990 et
1407 937 1644 989 eamdem
1695 935 2049 990 innocentiam

518 1035 674 1092 atque
716 1023 970 1092 justitiam
1005 1027 1235 1078 membra
1275 1024 1387 1092 ejus
1415 1025 1467 1077 in
1510 1024 1608 1083 hac
1654 1025 1866 1078 interim
1923 1025 2048 1088 vita,

516 1125 764 1182 quantum
789 1115 976 1178 valent,
1000 1115 1292 1180 imitantur;
1325 1116 1372 1168 iu
1399 1117 1570 1169 futuro
1595 1126 1768 1169 autem
1791 1116 2053 1169 veraciter

516 1205 612 1270 ipsi
630 1203 944 1256 adbazreudo
963 1206 1253 1272 proﬁciunt.
1282 1207 1336 1258 Et
1358 1215 1477 1272 apte
1492 1207 1626 1259 idem
1649 1221 1833 1258 aurum
1849 1207 2050 1259 ductile

517 1295 632 1356 luit,
689 1294 878 1347 ductile
903 1309 1149 1363 .namque
1197 1298 1430 1351 tertendo
1478 1297 1822 1365 producitur;
1853 1297 1972 1365 quia
1998 1305 2052 1350 et

521 1383 838 1452 Redemptor
886 1397 1082 1447 uoster,
1112 1388 1196 1454 qui
1229 1403 1290 1439 es
1322 1389 1667 1454 conceptione
1703 1396 1756 1440 et
1785 1388 2051 1440 nativitate

521 1472 778 1538 pellectus
819 1473 953 1527 lleus
981 1485 1035 1529 et
1067 1477 1218 1528 homo
1248 1479 1471 1543 exstitit,
1501 1478 1802 1547 passionum
1833 1479 2047 1532 dolores

522 1564 743 1628 pertulit,
775 1579 835 1617 ac
871 1568 946 1619 sic
974 1565 1036 1618 ad
1065 1570 1461 1644 resurrectionis
1508 1569 1724 1638 gloriam
1777 1568 2048 1636 pervenit:

515 1662 562 1703 et
587 1667 751 1705 omnes
769 1655 855 1722 qui
884 1657 1052 1708 volunt
1081 1658 1160 1724 pie
1208 1658 1436 1711 vinereiu
1486 1659 1594 1721 illo,
1657 1660 2050 1722 persecutionem

513 1743 770 1808 patiuntur
813 1740 898 1811 (II
934 1743 1067 1797 Tim.
1095 1745 1192 1814 ut),
1233 1748 1352 1815 quia
1378 1756 1431 1801 et
1463 1747 1558 1815 ipsi
1589 1748 1735 1816 quasi
1785 1748 2048 1801 metallum

2149 573 2372 635 unum
2398 581 2503 634 lmo
2531 583 2670 635 sicut
2699 586 2749 637 in
2774 585 3038 638 cornubus
3067 596 3121 640 et
3149 589 3318 641 oculis
3352 599 3504 643 recte
3527 606 3698 657 szgua.

2151 679 2238 720 tur
2266 682 2475 736 propter
2502 673 2937 739 otnuipotentiam
2966 674 3171 728 virtutis
3191 690 3293 743 qua
3321 689 3520 730 cuncta
3548 682 3698 747 regit,

2151 767 2208 811 et
2233 759 2610 827 plenitudinem
2655 765 2891 817 scicntia:
2928 779 3030 833 qua
3071 775 3257 819 cuncta
3303 770 3604 836 perspicit:
3636 771 3700 824 ita

2155 849 2314 903 etiam
2359 852 2582 918 Spiritus
2631 854 2766 907 idem
2813 855 3136 925 septiformis
3179 868 3300 927 apte
3339 874 3436 926 per
3484 863 3700 929 ligarant

2153 937 2481 994 lucernarum
2524 936 2852 1008 exprimitur,
2901 957 3109 1011 propter
3147 946 3316 1002 lucem
3366 951 3556 1018 gratia
3604 967 3701 1019 qua

2151 1028 2205 1080 in
2267 1039 2417 1082 nocte
2459 1029 2610 1098 hujus
2659 1032 2835 1084 sa'culi
2897 1034 3143 1087 tenebras
3190 1045 3388 1090 nostra:
3437 1041 3703 1093 cat-citatis

2154 1120 2393 1172 illustrat.
2426 1119 2568 1174 Unde
2596 1128 2650 1173 et
2677 1131 2795 1186 apte
2820 1122 3186 1189 subjungitur:

2227 1208 2543 1260 Emunctoria
2597 1226 2809 1279 quoque,
2841 1221 2886 1264 et
2934 1213 3017 1264 ubi
3045 1229 3104 1266 ea
3143 1229 3256 1282 qua:
3301 1226 3540 1269 emuncto
3589 1230 3703 1270 sunt

2150 1299 2552 1366 exstinguuntur,
2585 1309 2689 1354 etc.
2718 1303 2848 1354 Sunt
2876 1303 3069 1356 etenim
3112 1305 3350 1371 quzedam
3378 1306 3432 1358 iu
3464 1307 3702 1373 Scriptu-

2153 1391 2224 1441 ris
2261 1390 2452 1441 divinis
2503 1391 2575 1443 ita
2624 1402 2905 1460 przecepta,
2953 1410 3072 1462 qua:
3112 1407 3364 1463 perpetuo
3398 1398 3522 1465 jure
3568 1413 3624 1453 et
3653 1402 3701 1452 iu

2154 1479 2249 1532 hac
2280 1481 2403 1540 vita.
2423 1489 2474 1532 rt
2501 1480 2551 1532 in
2583 1480 2774 1545 futura,
2808 1498 3014 1551 semper
3041 1484 3310 1538 observari
3344 1488 3574 1540 debeant
3605 1507 3617 1539 :
3651 1500 3703 1542 ut

2151 1577 2232 1622 est
2261 1568 2417 1632 isttttl,
2465 1569 2583 1620 Non
2625 1571 2820 1623 lmbebis
2851 1573 2968 1624 deos
2995 1575 3186 1627 alienos
3207 1591 3378 1627 coram
3403 1593 3484 1628 me
3505 1577 3700 1642 (Exod.

2151 1657 2280 1726 xx):
2313 1666 2385 1718 et,
2423 1658 2614 1726 Diliges
2655 1658 2924 1712 Dominum
2961 1659 3120 1714 Deum
3169 1673 3313 1716 tuum
3334 1681 3400 1718 ex
3422 1675 3528 1718 to:o
3556 1670 3702 1720 corde

2157 1756 2263 1812 tuo,
2293 1757 2338 1799 et
2364 1763 2425 1800 ea:
2447 1757 2548 1800 tota
2574 1750 2744 1801 animo
2768 1759 2875 1815 tua,
2905 1761 2951 1804 et
2977 1767 3040 1805 ex
3068 1762 3170 1805 tota
3205 1752 3384 1808 uirtute
3413 1771 3433 1808 :
3460 1767 3538 1822 et,
3572 1757 3702 1808 Dili-

519 1830 750 1883 lericndo
797 1832 1098 1898 dilatatutu,
1155 1848 1248 1901 per
1294 1837 1547 1903 passionis
1592 1837 1933 1889 contumelias
1987 1836 2051 1889 ad
2086 1821 2126 1876 Β
2153 1837 2686 1905 gesproa'iutumtuunt
2703 1845 2832 1891 sicut
2853 1844 3064 1907 teipsunt
3088 1840 3295 1909 (Matth.
3323 1821 3699 1913 ntt,Luc.s).

528 1921 932 1989 inunortalitatis
957 1926 1178 1991 gratam
1207 1925 1500 1991 proﬁciunt.
1524 1925 1668 1981 Unde
1690 1936 1744 1980 et
1771 1930 1821 1980 in
1853 1929 2054 1996 psalmo

515 2022 721 2076 quarto,
779 2013 868 2079 qui
929 2013 1250 2077 inscribitur,
1297 2013 1359 2068 In
1389 2018 1710 2084 carminibus,
1766 2019 1951 2086 quibus
2004 2021 2052 2070 in

518 2117 631 2167 mys
656 2101 746 2154 iris
768 2103 887 2157 lidei
908 2103 1124 2162 alantis
1152 2105 1277 2159 dicit
1302 2109 1531 2164 Ecclesia
1554 2125 1648 2164 suo
1676 2112 2050 2180 lledctnpt-nri:

522 2187 580 2238 lu
611 2191 927 2245 tribulatione
955 2193 1182 2247 dilutasti
1211 2212 1304 2249 in».
1346 2203 1419 2252 Ac
1448 2201 1489 2252 si
1520 2216 1702 2254 aurum
1732 2203 1928 2256 ductile
1957 2219 2053 2257 suo

519 2281 703 2332 :tttilici
756 2281 991 2336 diceret:
1040 2285 1092 2337 lu
1121 2290 1454 2354 percuSsizme
1507 2292 1677 2345 fabrili
1720 2295 2051 2362 amplilivasti

520 2382 619 2429 me,
651 2377 699 2420 et
728 2371 978 2438 majorem
1026 2375 1290 2430 tundendo
1339 2379 1464 2433 mihi
1518 2382 1803 2450 proiectum
1843 2385 2051 2438 dedisti.

1101 2501 1321 2558 CAPUT
1362 2506 1448 2558 IX.

795 2608 1034 2663 Lucerum
1053 2615 1341 2665 candelabri
1371 2625 1414 2666 ct
1448 2620 1776 2671 cmuuctoria.

586 2711 765 2768 Facies
786 2728 832 2768 et
865 2719 1092 2773 lucernas
1122 2734 1331 2790 septem,
1379 2736 1482 2778 etc.
1535 2726 1806 2793 Lucerum,
1855 2741 2054 2799 septem

520 2815 640 2857 sunt
691 2806 825 2858 dona
866 2806 1089 2873 Spiritus
1139 2812 1324 2877 sancti;
1370 2830 1484 2882 qua:
1532 2827 1579 2870 ct
1633 2820 1683 2872 in
1735 2821 1955 2878 Domino
1995 2841 2055 2881 ac

521 2893 866 2962 ltedemptore
914 2909 1092 2952 nostro
1117 2914 1299 2955 cuncta
1329 2919 1538 2974 semper
1569 2923 1892 2976 mausetunt.
1923 2925 1974 2970 et
2001 2917 2052 2973 in

521 2984 768 3038 membris
821 2986 954 3053 ejus,
1015 2989 1115 3044 hoc
1155 3005 1234 3044 est
1279 2996 1519 3050 omnibus
1570 3000 1773 3067 electis,
1807 3020 1902 3072 pro
1940 3009 2055 3075 ejus

521 3075 788 3126 voluntate
833 3077 1107 3130 distributa
1167 3094 1307 3134 sunt.
1349 3084 1613 3141 l’onuutur
1657 3109 1781 3161 ergo
1828 3097 2054 3152 lucernze

532 3173 729 3227 septem
753 3177 809 3211 su
820 3176 909 3225 per
931 3166 1315 3234 candelabrum,
1341 3174 1456 3239 quia
1477 3193 1630 3243 super
1655 3180 2054 3250 iledetuptorem

527 3260 757 3300 nostrum
805 3251 1201 3320 primogenitum
1229 3258 1290 3309 dc
1314 3263 1480 3314 radice
1507 3265 1648 3319 Jesse
1693 3273 1928 3338 requievit
1955 3277 2058 3341 spi-

519 3341 643 3391 ritus
689 3341 946 3407 sapientite
971 3353 1014 3395 et
1041 3345 1336 3415 intellectus,
1386 3355 1588 3421 spiritus
1619 3362 1818 3429 coisilii
1845 3375 1890 3416 et
1915 3366 2061 3432 [orti-

519 3429 709 3480 tutlinis
728 3468 742 3491 ,
790 3431 999 3511 spiritus
1046 3435 1264 3490 scientiw
1283 3451 1328 3490 et
1353 3441 1556 3510 pietatis
1575 3486 1589 3509 ,
1619 3457 1665 3498 et
1695 3429 1923 3518 ἰηριτεὶί
1947 3471 2058 3507 cum

519 3522 722 3584 spiritus
746 3509 936 3576 timoris
970 3523 1168 3579 Domini
1192 3529 1334 3598 (Esa.
1360 3509 1460 3601 νιι).
1497 3537 1554 3587 Et
1589 3539 1723 3592 sicut
1764 3509 1910 3597 'idcm
1947 3545 2056 3614 ipse

527 3624 617 3672 per
669 3611 907 3664 eumdem
951 3615 1174 3680 loquitur
1213 3625 1551 3688 prophetam:
1585 3627 1804 3694 Spiritus
1854 3611 2058 3688 Domini

519 3713 668 3766 super
714 3715 809 3764 me,
835 3717 892 3752 eo
915 3704 1048 3770 quod
1103 3711 1300 3760 unxerit
1342 3728 1417 3764 me
1455 3712 1698 3770 Dominus
1727 3718 1872 3788 (Esa.
1901 3725 2011 3791 ut)
2041 3743 2052 3776 :

520 3788 660 3856 quod
688 3799 859 3842 autem
899 3791 1110 3855 dicitur,
1141 3794 1206 3848 Ut
1234 3796 1439 3852 luceant
1466 3817 1527 3854 ex
1552 3804 1774 3859 adverso
1800 3825 1812 3872 ;
1847 3809 1945 3864 hoc
1974 3788 2058 3866 est

528 3879 663 3944 quod
692 3881 941 3946 propheta
975 3882 1353 3953 subsequenter
1379 3888 1569 3956 adjecit
1595 3909 1607 3943 :
1640 3895 1716 3945 Ad
1741 3901 2056 3953 annuntian-

523 3967 650 4020 dum
698 3969 979 4024 mansueis
1031 3971 1172 4025 misit
1201 3989 1302 4042 me,
1329 3986 1383 4028 ut
1410 3979 1647 4034 mederer
1673 3987 1912 4040 contritis
1940 3984 2050 4042 cur-

532 4061 618 4121 tte,
648 4068 698 4111 ct
727 4060 1066 4127 prmdicarem
1104 4067 1328 4130 captivis
1359 4067 1758 4140 indulgentiam.
1793 4086 1842 4129 et
1865 4077 2054 4135 clausis

524 4151 846 4214 apertiouetn
875 4169 890 4218 ;
918 4162 973 4206 ut
997 4155 1333 4219 prusdicaretn
1378 4174 1570 4215 annum
1601 4165 1910 4232 placabilem
1939 4170 2054 4225 Do-

524 4241 672 4303 mini,
711 4252 763 4295 et
791 4243 929 4296 diem
981 4247 1189 4300 ultionis
1239 4249 1341 4302 Deo
1375 4263 1568 4308 nostra.
1605 4257 1852 4314 Lucerna:
1908 4279 2055 4316 nam-

523 4343 624 4385 que
654 4331 950 4384 candelabri
977 4334 1210 4387 lucebunt
1233 4352 1295 4389 ex
1315 4339 1554 4407 adverso,
1575 4355 1627 4396 et
1653 4351 2046 4404 tabernaculum

2154 1925 2286 1980 Suut
2311 1925 2409 1978 alia
2439 1940 2557 1994 qua
2585 1935 2694 1980 toto
2741 1927 2894 1995 hujus
2938 1931 3056 1983 vita
3087 1940 3324 1998 tempore
3365 1935 3699 1989 observanda

2148 2014 2418 2082 juheutur,
2449 2017 2541 2068 sed
2573 2018 2623 2068 iu
2657 2016 2824 2070 futura
2857 2020 2960 2071 vita
3016 2021 3315 2076 mercedem
3365 2039 3477 2078 suae
3519 2027 3698 2079 obser-

2154 2105 2377 2158 vationis
2399 2117 2648 2161 aeternam
2680 2109 2973 2176 percipiunt
3003 2131 3013 2162 :
3051 2121 3104 2163 ut
3134 2122 3217 2166 est
3241 2113 3370 2168 illud
3406 2115 3696 2186 Evangelii,

2153 2193 2330 2249 Facite
2372 2199 2503 2251 vobis
2548 2199 2737 2252 amicos
2775 2201 2837 2254 de
2886 2218 3175 2257 mammona
3223 2206 3527 2275 iniquitatis,
3561 2220 3614 2261 ut
3656 2221 3698 2260 et

2152 2287 2248 2351 ipsi
2289 2288 2531 2354 recipiant
2557 2303 2641 2342 vos
2681 2291 2940 2343 iuceterna
2985 2293 3319 2346 tabernacula
3366 2294 3522 2363 (Luc.
3571 2300 3696 2366 ιιι).

2153 2375 2250 2430 llic
2275 2377 2415 2429 enim
2443 2375 2508 2430 ad
2536 2387 2742 2444 tempus
2785 2381 3134 2450 eleemosyute
3175 2381 3447 2444 faciendae,
3480 2384 3554 2438 ibi
3583 2401 3697 2452 per-

2161 2475 2318 2530 petuo
2343 2465 2800 2534 eleemosyuarum
2828 2477 2905 2520 est
2933 2469 3127 2522 lructns
3155 2471 3513 2538 recipiendus.
3568 2477 3697 2529 Suut

2154 2553 2276 2608 item
2305 2556 2425 2618 alia,
2476 2552 2592 2623 qua:
2619 2565 2874 2636 tempore
2909 2559 3108 2615 Veteris
3130 2562 3450 2618 'l‘estameuti
3477 2567 3697 2637 diligen.

2155 2654 2234 2695 ter
2265 2644 2484 2711 jubente
2528 2634 2746 2701 Domitio
2786 2660 2992 2703 servata
3039 2662 3196 2705 sunt:
3225 2670 3361 2710 nunc
3391 2671 3696 2712 coruscante

2154 2750 2247 2802 per
2269 2737 2451 2790 orbem
2500 2737 2802 2809 Evangelia,
2837 2757 2936 2793 non
2965 2742 3110 2811 juxta
3140 2746 3389 2810 litteram,
3425 2750 3521 2802 sed
3547 2751 3690 2818 juxta

2152 2837 2365 2877 sensum
2397 2828 2671 2893 mysticum
2704 2829 2756 2882 in
2789 2832 3019 2885 Ecclesia
3045 2833 3293 2902 jubentur
3309 2838 3610 2903 observari,
3639 2853 3693 2895 ut

2153 2921 2233 2965 cst
2274 2914 2508 2968 custodia
2557 2916 2781 2982 sabbati,
2817 2930 2871 2971 ut
2900 2923 3034 2974 ritus
3062 2922 3367 2990 hostiarum,
3403 2937 3457 2980 et
3487 2933 3695 2997 sanguis

2155 3000 2270 3065 agni
2303 3003 2581 3068 paschalis,
2641 3013 2937 3075 ca~ter~que
2976 3007 3286 3076 bujusmodi,
3319 3028 3439 3080 quae
3463 3031 3564 3069 suo
3587 3021 3696 3081 qui-

2157 3089 2273 3141 dem
2329 3100 2564 3158 tempore
2627 3095 2930 3149 soletuniter
2980 3101 3297 3159 custodita,a
3329 3105 3527 3167 populo
3577 3104 3692 3165 Dei,

2160 3180 2305 3243 quasi
2337 3180 2522 3232 luciuia
2546 3179 2596 3233 in
2628 3182 2861 3237 lucernis
2891 3186 3191 3240 candelabri
3220 3190 3501 3254 ardebant,
3529 3193 3691 3246 inlusa

2156 3266 2273 3318 oleo
2299 3268 2401 3333 piae
2439 3267 2759 3335 dthttiouiS,
2793 3283 2846 3326 et
2875 3273 3085 3327 incensa
3114 3276 3230 3343 igne
3253 3279 3400 3330 verbi
3434 3282 3690 3334 εωιεειὶς.

2156 3369 2270 3406 cum
2304 3371 2425 3409 vero
2450 3357 2515 3410 ab
2541 3361 2791 3426 apostolis
2817 3373 2976 3430 atque
3023 3366 3327 3432 apostolicis
3355 3371 3692 3437 viris-praedi-

2157 3446 2392 3509 cabatur,
2421 3446 2502 3499 his
2520 3459 2571 3502 et
2603 3449 2964 3518 hujuscemodi
2996 3454 3455 3509 observationibus
3485 3463 3635 3510 tinem
3663 3477 3691 3512 a

2158 3534 2378 3590 Domino
2409 3539 2733 3607 impositum,
2783 3554 2966 3597 cuncta
2991 3558 3051 3598 ea
3080 3546 3427 3611 spiritualiter
3458 3550 3619 3617 magis
3645 3552 3690 3600 iu

2159 3633 2208 3683 Ισίι
2230 3632 2408 3696 clesia,
2442 3649 2596 3699 quam
2641 3634 2789 3703 juxta
2823 3637 3044 3689 liberam
3076 3647 3197 3690 sunt
3226 3641 3505 3693 servanda.
3536 3641 3690 3706 Qna-i

2153 3722 2769 3791 etuungebanturlucinia
2802 3727 3118 3792 candelabri,
3154 3737 3211 3780 ttt
3234 3738 3476 3794 reparata
3509 3729 3690 3784 melius

2157 3810 2406 3872 Iucerent,
2436 3813 2553 3878 quia
2577 3813 2850 3866 sublimius
2888 3814 3145 3868 intellecta
3178 3830 3268 3881 per
3295 3817 3548 3885 Spiritum
3579 3834 3692 3870 san.

2154 3909 2251 3952 ctua
2282 3902 2528 3956 Ecclesia:
2559 3903 2724 3957 licem
2771 3907 3022 3959 doctrina:
3069 3908 3321 3960 salutaris
3369 3910 3687 3971 pra-hebant.

2159 3990 2229 4042 De
2257 4007 2355 4058 qua
2389 3998 2718 4060 reparatione
2743 3995 3069 4050 lucernarum
3112 3999 3458 4059 tabernaculi,
3490 4000 3586 4050 hoc
3612 4010 3690 4050 est

2155 4080 2539 4150 Scripturarum
2603 4083 2895 4137 divinarum
2975 4085 3313 4154 intelligentia
3384 4088 3689 4161 sublimiore

2159 4173 2411 4238 protltittit
2442 4175 2490 4224 in
2519 4173 2751 4226 Leritico
2794 4175 3044 4228 Dominus
3084 4191 3179 4228 suo
3211 4175 3422 4244 populo,
3470 4177 3684 4230 dicens:

2156 4262 2613 4330 Maltip.-'icabimiui
2642 4275 2686 4318 et
2735 4266 2942 4333 ﬁrmabo
2990 4277 3186 4334 pactum
3229 4285 3391 4320 meum
3421 4269 3686 4321 vobiscum.

2154 4349 2430 4406 Comedetis
2458 4356 2785 4408 vetustissima
2822 4368 3059 4421 veterum,
3081 4367 3126 4409 et
3154 4368 3316 4410 vetera
3347 4358 3487 4409 novis
3513 4373 3687 4424 super-

525 4414 725 4468 Domini
778 4417 1148 4489 lillttStrabant,
1179 4438 1294 4477 cum
1341 4425 1606 4497 Dominus,
1633 4438 1846 4486 existens
1876 4440 2050 4503 plenus
2082 4468 2128 4525 Β
2159 4442 2467 4494 venientibus
2483 4447 2771 4512 projicictis.
2801 4446 3147 4514 Multiplicatis
3161 4445 3486 4513 qttippcliliis
3509 4445 3685 4504 Israel.

524 4508 687 4570 gratia
709 4514 753 4557 et
784 4509 1006 4572 veritate,
1063 4512 1212 4563 nobis
1251 4517 1493 4570 omnibus
1516 4519 1583 4571 de
1607 4522 1928 4586 plenitudne
1960 4540 2050 4579 sua

527 4591 721 4650 tiibuit.
755 4603 806 4647 et
837 4596 1054 4663 gratiam
1110 4614 1202 4666 pro
1258 4603 1441 4668 gratia.
1502 4621 1619 4659 cum
1669 4615 1954 4666 mansuetis
2002 4625 2055 4669 ct

527 4687 836 4753 taupcribus
874 4689 1082 4754 Spiritu,
1109 4693 1323 4745 verbum
1351 4695 1608 4764 Evangelii
1632 4704 1911 4769 commisit,
1936 4721 2052 4758 cum

523 4775 891 4838 pinuiteutibus
938 4779 1211 4833 medullam
1255 4782 1588 4852 indulgentiae
1634 4792 1877 4857 contulit,
1930 4808 2051 4847 cum

524 4877 659 4914 nunc
699 4872 900 4930 tempus
947 4869 1180 4934 placendi
1232 4871 1474 4941 Domino,
1510 4874 1739 4930 futurum
1785 4895 1906 4934 vero
1936 4896 2053 4936 esse

521 4950 657 5002 diem
688 4941 1006 5031 universalis
1039 4958 1216 5020 judicii
1273 4961 1576 5016 declaravit.
1622 4965 1890 5022 Consonat
1929 4971 2050 5025 huic

521 5038 847 5092 lucernarum
890 5057 1109 5095 numero
1139 5056 1190 5097 et
1231 5052 1496 5115 positioni,
1545 5057 1682 5121 quod
1716 5055 1764 5107 itt
1795 5061 2051 5129 Apocaly-

521 5127 597 5204 psi
627 5127 752 5179 dicit
781 5127 1008 5183 Joannes
1033 5147 1045 5182 :
1078 5131 1140 5182 Et
1171 5136 1290 5198 vitii,
1317 5147 1362 5188 et
1383 5155 1493 5191 ecce
1518 5143 1570 5193 in
1600 5148 1761 5196 medio
1807 5148 1974 5202 tltroni
1995 5127 2048 5204 et

517 5225 731 5281 quatuor
744 5213 1060 5283 animalium,
1087 5232 1133 5273 et
1157 5223 1205 5274 in
1238 5227 1399 5277 medio
1424 5231 1673 5284 seniorum
1697 5235 1890 5304 Agnum
1912 5250 2048 5293 stan-

518 5313 636 5364 lt’lll,
676 5313 911 5373 tanquam
961 5312 1197 5374 occisum,
1247 5313 1503 5368 habentem
1549 5337 1734 5373 cornua
1775 5338 1972 5393 septem,
2005 5342 2047 5382 et

493 5386 687 5444 “oculos
729 5407 832 5462 sept
864 5414 931 5461 m,
981 5400 1066 5466 qui
1107 5411 1221 5454 sunt
1262 5415 1446 5470 scptcm
1473 5407 1676 5472 spiritus
1707 5412 1814 5478 Dei,
1845 5417 1980 5470 missi
2001 5420 2049 5472 in

520 5495 712 5533 omnem
754 5493 935 5537 terram
982 5489 1165 5555 (Apoc.
1215 5494 1286 5558 ν).
1342 5492 1396 5547 Si
1435 5495 1572 5548 enim
1608 5510 1807 5568 septem
1858 5520 2048 5559 cornua

518 5567 610 5631 ibi,
648 5573 758 5624 sive
809 5583 1006 5638 septem
1059 5579 1195 5631 oculi
1244 5585 1397 5648 Λευὶ,
1451 5567 1835 5652 εθριεωίάοηθ
1884 5599 2048 5648 sancti

519 5657 737 5726 Spiritus
766 5662 1028 5718 insinuare
1055 5678 1271 5734 possunt
1305 5688 1315 5721 ε
1341 5688 1502 5739 quare
1526 5693 1625 5732 non
1675 5683 1857 5737 eadem
1889 5687 2046 5738 etiam

2153 4531 2514 4584 tonlirmaltttn
2564 4543 2644 4586 est
2694 4549 2810 4586 cum
2837 4535 2913 4586 eis
2958 4537 3159 4601 pactum
3209 4537 3296 4586 Dei
3325 4551 3338 4587 :
3367 4549 3486 4586 cum
3528 4535 3685 4588 etiam

2150 4619 2411 4684 geut’bus,
2444 4620 2509 4671 ad
2548 4620 2702 4672 fidem
2750 4623 2968 4686 voratis,
3001 4622 3124 4675 Novi
3168 4625 3328 4690 gratia
3369 4625 3688 4696 Testamenti

2153 4706 2200 4754 in
2252 4703 2496 4759 cordibus
2536 4707 2825 4761 electorum
2879 4708 3026 4762 lirma
3083 4710 3261 4765 radice
3306 4714 3534 4780 plantat:
3591 4725 3686 4768 est.

2151 4793 2591 4864 Comedimusque
2639 4799 2991 4850 vetustissima
3033 4809 3288 4865 veterum,
3315 4817 3436 4855 cum
3478 4805 3684 4856 manda-

2154 4891 2258 4934 tum
2290 4894 2456 4947 vetus,
2486 4888 2621 4952 quod
2650 4889 2715 4939 ab
2746 4890 2893 4941 initio
2917 4890 3095 4951 datum
3120 4902 3198 4942 est
3229 4895 3407 4959 generi
3441 4893 3688 4957 humano,

2154 4970 2292 5025 dulci
2313 4975 2488 5027 cordis
2511 4978 2759 5029 memoria
2782 4978 3100 5030 retinemus:
3126 4978 3157 5030 d
3182 4978 3400 5046 ligentes
3416 4979 3602 5034 Domin
3641 4998 3688 5034 tu

2155 5061 2311 5116 Deum
2343 5074 2580 5117 nostrum
2609 5080 2671 5118 ex
2707 5077 2813 5116 toto
2834 5066 2990 5118 corde
3013 5079 3210 5130 nosne,
3242 5068 3350 5120 tota
3368 5068 3561 5131 anima,
3586 5079 3688 5123 tota

2152 5154 2370 5218 virtute;
2396 5155 2671 5222 diligentes
2701 5166 2748 5208 et
2785 5158 3074 5221 proximum
3121 5167 3366 5225 tanquam
3405 5175 3501 5215 nos
3527 5161 3688 5230 ipsos.

2152 5242 2212 5295 Et
2240 5253 2413 5296 vetera
2440 5244 2587 5297 novis
2609 5245 3097 5311 supervenientibus
3120 5250 3442 5317 projicitnus,
3464 5267 3580 5306 cum
3613 5265 3691 5323 ty-

2150 5334 2260 5397 pica
2293 5333 2418 5399 legis
2449 5333 2686 5386 Mosaicae
2715 5344 2905 5386 statuta
2928 5334 3074 5402 juxta
3100 5338 3322 5394 litteram
3349 5356 3557 5397 scrvare
3576 5358 3690 5398 ces-

2146 5435 2350 5484 samus;
2376 5426 2465 5475 sed
2487 5424 2668 5475 eadem
2697 5423 2804 5489 ipsa
2833 5424 3027 5493 gratius
3051 5424 3310 5483 intellecta
3339 5446 3430 5498 per
3451 5432 3688 5499 spiritum

2146 5509 2389 5564 inuovato
2419 5513 2467 5564 in
2495 5527 2641 5578 spem
2674 5515 2815 5579 regni
2860 5518 3086 5577 caelestis
3131 5520 3289 5576 corde
3322 5525 3687 5576 custodimus:

2143 5598 2286 5664 justa
2314 5601 2438 5653 illud
2467 5603 2722 5668 Apostoli,
2751 5606 2810 5658 Si
2833 5623 2929 5672 qua
2955 5624 3073 5677 ergo
3095 5610 3143 5661 in
3170 5611 3370 5666 Clu-isto
3397 5628 3521 5665 nova
3545 5630 3681 5666 crea-

2149 5698 2279 5748 tura.
2310 5700 2476 5744 t'eteta
2498 5694 2817 5757 transierunt,
2848 5710 2958 5750 erce
2978 5704 3110 5763 facta
3130 5711 3246 5754 sunt
3268 5703 3437 5756 omnia
3458 5719 3586 5755 mea
3605 5703 3686 5756 tll
