  <div class='ocr_page' id='page_1' title='image "/cluster/home/n/w/nwhite01/storage/ocr_20150623/90-91/uva.x000827075/872.png"; bbox 0 0 3898 6260; ppageno 0'>
   <div class='ocr_carea' id='block_1_1' title="bbox 133 363 225 420">
    <p class='ocr_par' dir='ltr' id='par_1_1' title="bbox 133 363 225 420">
     <span class='ocr_line' id='line_1_1' title="bbox 133 363 225 420; baseline -0.076 1"><span class='ocrx_word' id='word_1_1' title='bbox 133 363 225 420; x_wconf 61' lang='lat' dir='ltr'><strong>[ait</strong></span> 
     </span>
    </p>
   </div>
   <div class='ocr_carea' id='block_1_2' title="bbox 944 341 2494 407">
    <p class='ocr_par' dir='ltr' id='par_1_2' title="bbox 944 341 2494 407">
     <span class='ocr_line' id='line_1_2' title="bbox 944 341 2494 407; baseline 0.001 -2"><span class='ocrx_word' id='word_1_2' title='bbox 944 349 1027 405; x_wconf 75' lang='lat' dir='ltr'><strong>DE</strong></span> <span class='ocrx_word' id='word_1_3' title='bbox 1069 347 1562 406; x_wconf 66' lang='lat' dir='ltr'><strong>TABl-ZRXACUU)</strong></span> <span class='ocrx_word' id='word_1_4' title='bbox 1604 341 1688 398; x_wconf 71' lang='lat' dir='ltr'>ET</span> <span class='ocrx_word' id='word_1_5' title='bbox 1734 343 1924 403; x_wconf 74' lang='lat' dir='ltr'><strong>VASlS</strong></span> <span class='ocrx_word' id='word_1_6' title='bbox 1966 348 2146 405; x_wconf 79' lang='lat' dir='ltr'><strong>EJUS.</strong></span> <span class='ocrx_word' id='word_1_7' title='bbox 2181 378 2249 391; x_wconf 94' lang='grc'><strong><em>-</em></strong></span> <span class='ocrx_word' id='word_1_8' title='bbox 2287 351 2409 406; x_wconf 83' lang='lat' dir='ltr'><strong>LIB.</strong></span> <span class='ocrx_word' id='word_1_9' title='bbox 2455 353 2494 407; x_wconf 87' lang='lat' dir='ltr'><strong>l.</strong></span> 
     </span>
    </p>
   </div>
   <div class='ocr_carea' id='block_1_3' title="bbox 3235 358 3340 416">
    <p class='ocr_par' dir='ltr' id='par_1_3' title="bbox 3235 358 3340 416">
     <span class='ocr_line' id='line_1_3' title="bbox 3235 358 3340 416; baseline -0.019 -1"><span class='ocrx_word' id='word_1_10' title='bbox 3235 358 3340 416; x_wconf 65' lang='lat'><strong>62?.</strong></span> 
     </span>
    </p>
   </div>
   <div class='ocr_carea' id='block_1_4' title="bbox 133 443 1705 536">
    <p class='ocr_par' dir='ltr' id='par_1_4' title="bbox 133 443 1674 536">
     <span class='ocr_line' id='line_1_4' title="bbox 133 443 1674 536; baseline -0.007 -20"><span class='ocrx_word' id='word_1_11' title='bbox 133 470 250 519; x_wconf 59' lang='lat' dir='ltr'><strong>cur.</strong></span> <span class='ocrx_word' id='word_1_12' title='bbox 267 467 318 536; x_wconf 90' lang='lat' dir='ltr'><strong>v)</strong></span> <span class='ocrx_word' id='word_1_13' title='bbox 336 466 418 519; x_wconf 81' lang='grc' dir='ltr'><strong>,Ει</strong></span> <span class='ocrx_word' id='word_1_14' title='bbox 436 464 486 517; x_wconf 85' lang='lat' dir='ltr'><strong>in</strong></span> <span class='ocrx_word' id='word_1_15' title='bbox 505 462 834 532; x_wconf 71' lang='lat' dir='ltr'><strong>Apocalypsi,</strong></span> <span class='ocrx_word' id='word_1_16' title='bbox 859 459 922 514; x_wconf 79' lang='lat' dir='ltr'><strong>Et</strong></span> <span class='ocrx_word' id='word_1_17' title='bbox 941 461 1068 513; x_wconf 76' lang='lat' dir='ltr'><strong>dixit</strong></span> <span class='ocrx_word' id='word_1_18' title='bbox 1088 461 1174 528; x_wconf 86' lang='lat' dir='ltr'><strong>qui</strong></span> <span class='ocrx_word' id='word_1_19' title='bbox 1190 460 1385 513; x_wconf 74' lang='lat' dir='ltr'><strong>sedebat</strong></span> <span class='ocrx_word' id='word_1_20' title='bbox 1404 459 1456 511; x_wconf 84' lang='lat' dir='ltr'><strong>in</strong></span> <span class='ocrx_word' id='word_1_21' title='bbox 1473 443 1674 516; x_wconf 76' lang='lat' dir='ltr'><strong>throno,</strong></span> 
     </span>
    </p>
   </div>
   <div class='ocr_carea' id='block_1_5' title="bbox 1797 443 3337 536">
    <p class='ocr_par' dir='ltr' id='par_1_5' title="bbox 1805 457 3337 536">
     <span class='ocr_line' id='line_1_5' title="bbox 1805 457 3337 536; baseline 0.014 -33"><span class='ocrx_word' id='word_1_22' title='bbox 1805 470 1881 507; x_wconf 91' lang='lat' dir='ltr'><strong>ms</strong></span> <span class='ocrx_word' id='word_1_23' title='bbox 1926 457 2049 510; x_wconf 90' lang='lat' dir='ltr'><strong>dicit</strong></span> <span class='ocrx_word' id='word_1_24' title='bbox 2091 476 2104 512; x_wconf 89' lang='lat'><strong>:</strong></span> <span class='ocrx_word' id='word_1_25' title='bbox 2159 458 2330 514; x_wconf 83' lang='lat' dir='ltr'><strong>Videte</strong></span> <span class='ocrx_word' id='word_1_26' title='bbox 2371 478 2430 514; x_wconf 86' lang='lat' dir='ltr'><strong>ne</strong></span> <span class='ocrx_word' id='word_1_27' title='bbox 2469 466 2794 519; x_wconf 82' lang='lat' dir='ltr'><strong>contemnatis</strong></span> <span class='ocrx_word' id='word_1_28' title='bbox 2835 483 2994 519; x_wconf 80' lang='lat' dir='ltr'><strong>totum</strong></span> <span class='ocrx_word' id='word_1_29' title='bbox 3034 469 3098 523; x_wconf 84' lang='lat' dir='ltr'><strong>de</strong></span> <span class='ocrx_word' id='word_1_30' title='bbox 3138 471 3337 536; x_wconf 51' lang='lat' dir='ltr'><strong>pusillis</strong></span> 
     </span>
    </p>
   </div>
   <div class='ocr_carea' id='block_1_6' title="bbox 139 548 1683 625">
    <p class='ocr_par' dir='ltr' id='par_1_6' title="bbox 139 548 1683 625">
     <span class='ocr_line' id='line_1_6' title="bbox 139 548 1683 625; baseline -0.008 -14"><span class='ocrx_word' id='word_1_31' title='bbox 139 560 265 612; x_wconf 60' lang='lat' dir='ltr'><strong>itit-ce</strong></span> <span class='ocrx_word' id='word_1_32' title='bbox 289 557 420 625; x_wconf 78' lang='lat' dir='ltr'><strong>facio</strong></span> <span class='ocrx_word' id='word_1_33' title='bbox 444 555 610 608; x_wconf 86' lang='lat' dir='ltr'><strong>omnia</strong></span> <span class='ocrx_word' id='word_1_34' title='bbox 631 568 755 604; x_wconf 77' lang='lat' dir='ltr'><strong>norm</strong></span> <span class='ocrx_word' id='word_1_35' title='bbox 778 555 954 621; x_wconf 80' lang='lat' dir='ltr'><strong>(Apoc.</strong></span> <span class='ocrx_word' id='word_1_36' title='bbox 974 551 1108 618; x_wconf 78' lang='lat' dir='ltr'><strong>ut).</strong></span> <span class='ocrx_word' id='word_1_37' title='bbox 1136 548 1464 603; x_wconf 83' lang='lat' dir='ltr'><strong>Emunctorio</strong></span> <span class='ocrx_word' id='word_1_38' title='bbox 1482 556 1683 610; x_wconf 89' lang='lat' dir='ltr'><strong>autem,</strong></span> 
     </span>
    </p>
   </div>
   <div class='ocr_carea' id='block_1_7' title="bbox 132 638 1681 716">
    <p class='ocr_par' dir='ltr' id='par_1_7' title="bbox 132 638 1681 716">
     <span class='ocr_line' id='line_1_7' title="bbox 132 638 1681 716; baseline -0.004 -19"><span class='ocrx_word' id='word_1_39' title='bbox 132 648 320 716; x_wconf 81' lang='lat' dir='ltr'><strong>quibus</strong></span> <span class='ocrx_word' id='word_1_40' title='bbox 351 646 460 698; x_wconf 66' lang='lat' dir='ltr'><strong>haec</strong></span> <span class='ocrx_word' id='word_1_41' title='bbox 489 645 796 712; x_wconf 76' lang='lat' dir='ltr'><strong>agebantur,</strong></span> <span class='ocrx_word' id='word_1_42' title='bbox 830 642 940 708; x_wconf 84' lang='lat' dir='ltr'><strong>ipsa</strong></span> <span class='ocrx_word' id='word_1_43' title='bbox 970 650 1099 694; x_wconf 84' lang='lat' dir='ltr'><strong>sunt</strong></span> <span class='ocrx_word' id='word_1_44' title='bbox 1123 639 1282 694; x_wconf 86' lang='lat' dir='ltr'><strong>verba</strong></span> <span class='ocrx_word' id='word_1_45' title='bbox 1301 639 1438 693; x_wconf 84' lang='lat' dir='ltr'><strong>sacri</strong></span> <span class='ocrx_word' id='word_1_46' title='bbox 1465 638 1681 705; x_wconf 89' lang='lat' dir='ltr'><strong>eloquii,</strong></span> 
     </span>
    </p>
   </div>
   <div class='ocr_carea' id='block_1_8' title="bbox 131 727 1683 806">
    <p class='ocr_par' dir='ltr' id='par_1_8' title="bbox 131 727 1683 806">
     <span class='ocr_line' id='line_1_8' title="bbox 131 727 1683 806; baseline -0.008 -16"><span class='ocrx_word' id='word_1_47' title='bbox 131 738 326 806; x_wconf 79' lang='lat' dir='ltr'><strong>quibus</strong></span> <span class='ocrx_word' id='word_1_48' title='bbox 378 732 654 788; x_wconf 80' lang='lat' dir='ltr'><strong>manifeste</strong></span> <span class='ocrx_word' id='word_1_49' title='bbox 682 730 990 799; x_wconf 89' lang='lat' dir='ltr'><strong>designatur</strong></span> <span class='ocrx_word' id='word_1_50' title='bbox 1019 730 1246 784; x_wconf 88' lang='lat' dir='ltr'><strong>litteram</strong></span> <span class='ocrx_word' id='word_1_51' title='bbox 1278 727 1409 797; x_wconf 87' lang='lat' dir='ltr'><strong>legis</strong></span> <span class='ocrx_word' id='word_1_52' title='bbox 1440 727 1491 780; x_wconf 92' lang='lat' dir='ltr'><strong>in</strong></span> <span class='ocrx_word' id='word_1_53' title='bbox 1523 727 1683 796; x_wconf 86' lang='lat' dir='ltr'><strong>pluri-</strong></span> 
     </span>
    </p>
   </div>
   <div class='ocr_carea' id='block_1_9' title="bbox 132 820 1682 893">
    <p class='ocr_par' dir='ltr' id='par_1_9' title="bbox 132 820 1682 893">
     <span class='ocr_line' id='line_1_9' title="bbox 132 820 1682 893; baseline -0.008 -8"><span class='ocrx_word' id='word_1_54' title='bbox 132 831 236 884; x_wconf 80' lang='lat' dir='ltr'><strong>mis</strong></span> <span class='ocrx_word' id='word_1_55' title='bbox 264 827 598 889; x_wconf 80' lang='lat' dir='ltr'><strong>solvendam,</strong></span> <span class='ocrx_word' id='word_1_56' title='bbox 630 835 821 880; x_wconf 84' lang='lat' dir='ltr'><strong>etcum</strong></span> <span class='ocrx_word' id='word_1_57' title='bbox 868 822 1128 893; x_wconf 75' lang='lat' dir='ltr'><strong>Spirituoli</strong></span> <span class='ocrx_word' id='word_1_58' title='bbox 1171 820 1499 874; x_wconf 85' lang='lat' dir='ltr'><strong>solummodo</strong></span> <span class='ocrx_word' id='word_1_59' title='bbox 1527 834 1682 873; x_wconf 82' lang='lat' dir='ltr'><strong>sensu</strong></span> 
     </span>
    </p>
   </div>
   <div class='ocr_carea' id='block_1_10' title="bbox 131 909 1685 981">
    <p class='ocr_par' dir='ltr' id='par_1_10' title="bbox 131 909 1685 981">
     <span class='ocr_line' id='line_1_10' title="bbox 131 909 1685 981; baseline -0.008 -7"><span class='ocrx_word' id='word_1_60' title='bbox 131 934 256 975; x_wconf 86' lang='lat' dir='ltr'><strong>esse</strong></span> <span class='ocrx_word' id='word_1_61' title='bbox 301 917 634 973; x_wconf 79' lang='lat' dir='ltr'><strong>servandam.</strong></span> <span class='ocrx_word' id='word_1_62' title='bbox 667 914 707 967; x_wconf 81' lang='grc' dir='ltr'><strong>Ε</strong></span> <span class='ocrx_word' id='word_1_63' title='bbox 736 912 924 981; x_wconf 84' lang='lat' dir='ltr'><strong>quibus</strong></span> <span class='ocrx_word' id='word_1_64' title='bbox 962 922 1043 967; x_wconf 65' lang='lat' dir='ltr'><strong>est</strong></span> <span class='ocrx_word' id='word_1_65' title='bbox 1067 910 1194 964; x_wconf 86' lang='lat' dir='ltr'><strong>illud</strong></span> <span class='ocrx_word' id='word_1_66' title='bbox 1226 910 1275 964; x_wconf 92' lang='lat' dir='ltr'><strong>in</strong></span> <span class='ocrx_word' id='word_1_67' title='bbox 1309 909 1528 964; x_wconf 83' lang='lat' dir='ltr'><strong>Actibus</strong></span> <span class='ocrx_word' id='word_1_68' title='bbox 1557 923 1685 977; x_wconf 87' lang='lat' dir='ltr'><strong>apu-</strong></span> 
     </span>
    </p>
   </div>
   <div class='ocr_carea' id='block_1_11' title="bbox 132 1001 1684 1076">
    <p class='ocr_par' dir='ltr' id='par_1_11' title="bbox 132 1001 1684 1076">
     <span class='ocr_line' id='line_1_11' title="bbox 132 1001 1684 1076; baseline -0.006 -11"><span class='ocrx_word' id='word_1_69' title='bbox 132 1011 416 1072; x_wconf 89' lang='lat' dir='ltr'><strong>stolorum,</strong></span> <span class='ocrx_word' id='word_1_70' title='bbox 446 1007 531 1062; x_wconf 91' lang='lat' dir='ltr'><strong>ubi</strong></span> <span class='ocrx_word' id='word_1_71' title='bbox 582 1006 826 1076; x_wconf 80' lang='lat' dir='ltr'><strong>prohibiti</strong></span> <span class='ocrx_word' id='word_1_72' title='bbox 876 1014 997 1057; x_wconf 90' lang='lat' dir='ltr'><strong>sunt</strong></span> <span class='ocrx_word' id='word_1_73' title='bbox 1042 1004 1321 1058; x_wconf 83' lang='lat' dir='ltr'><strong>credentes</strong></span> <span class='ocrx_word' id='word_1_74' title='bbox 1345 1017 1409 1056; x_wconf 87' lang='lat' dir='ltr'><strong>ex</strong></span> <span class='ocrx_word' id='word_1_75' title='bbox 1438 1001 1684 1072; x_wconf 77' lang='lat' dir='ltr'><strong>gentibus</strong></span> 
     </span>
    </p>
   </div>
   <div class='ocr_carea' id='block_1_12' title="bbox 131 1093 1678 1166">
    <p class='ocr_par' dir='ltr' id='par_1_12' title="bbox 131 1093 1678 1166">
     <span class='ocr_line' id='line_1_12' title="bbox 131 1093 1678 1166; baseline -0.006 -12"><span class='ocrx_word' id='word_1_76' title='bbox 131 1099 747 1166; x_wconf 76' lang='lat' dir='ltr'><strong>circumeidi,,etobsqne</strong></span> <span class='ocrx_word' id='word_1_77' title='bbox 773 1093 1097 1148; x_wconf 73' lang='lat' dir='ltr'><strong>cmremooiis</strong></span> <span class='ocrx_word' id='word_1_78' title='bbox 1122 1093 1406 1147; x_wconf 81' lang='lat' dir='ltr'><strong>hostiarum</strong></span> <span class='ocrx_word' id='word_1_79' title='bbox 1434 1093 1678 1161; x_wconf 83' lang='lat' dir='ltr'><strong>legalium</strong></span> 
     </span>
    </p>
   </div>
   <div class='ocr_carea' id='block_1_13' title="bbox 130 1179 1679 1258">
    <p class='ocr_par' dir='ltr' id='par_1_13' title="bbox 130 1179 1679 1258">
     <span class='ocr_line' id='line_1_13' title="bbox 130 1179 1679 1258; baseline -0.006 -16"><span class='ocrx_word' id='word_1_80' title='bbox 130 1190 458 1258; x_wconf 74' lang='lat' dir='ltr'><strong>evangeliea:</strong></span> <span class='ocrx_word' id='word_1_81' title='bbox 509 1189 692 1258; x_wconf 73' lang='lat' dir='ltr'><strong>gratim</strong></span> <span class='ocrx_word' id='word_1_82' title='bbox 734 1195 856 1239; x_wconf 88' lang='lat' dir='ltr'><strong>sunt</strong></span> <span class='ocrx_word' id='word_1_83' title='bbox 892 1183 1108 1238; x_wconf 86' lang='lat' dir='ltr'><strong>obedire</strong></span> <span class='ocrx_word' id='word_1_84' title='bbox 1139 1183 1406 1253; x_wconf 76' lang='lat' dir='ltr'><strong>przecepti.</strong></span> <span class='ocrx_word' id='word_1_85' title='bbox 1441 1182 1505 1235; x_wconf 82' lang='lat' dir='ltr'><strong>Et</strong></span> <span class='ocrx_word' id='word_1_86' title='bbox 1541 1179 1679 1248; x_wconf 89' lang='lat' dir='ltr'><strong>quod</strong></span> 
     </span>
    </p>
   </div>
   <div class='ocr_carea' id='block_1_14' title="bbox 135 1272 1677 1349">
    <p class='ocr_par' dir='ltr' id='par_1_14' title="bbox 135 1272 1677 1349">
     <span class='ocr_line' id='line_1_14' title="bbox 135 1272 1677 1349; baseline -0.008 -17"><span class='ocrx_word' id='word_1_87' title='bbox 135 1278 421 1349; x_wconf 77' lang='lat' dir='ltr'><strong>Apostolus</strong></span> <span class='ocrx_word' id='word_1_88' title='bbox 448 1278 512 1330; x_wconf 88' lang='lat' dir='ltr'><strong>ad</strong></span> <span class='ocrx_word' id='word_1_89' title='bbox 539 1277 785 1330; x_wconf 75' lang='lat' dir='ltr'><strong>ﬂcbrceos</strong></span> <span class='ocrx_word' id='word_1_90' title='bbox 813 1289 1090 1343; x_wconf 75' lang='lat' dir='ltr'><strong>exponens</strong></span> <span class='ocrx_word' id='word_1_91' title='bbox 1112 1273 1430 1327; x_wconf 79' lang='lat' dir='ltr'><strong>versiculum</strong></span> <span class='ocrx_word' id='word_1_92' title='bbox 1462 1272 1677 1342; x_wconf 80' lang='lat' dir='ltr'><strong>psalmi,</strong></span> 
     </span>
    </p>
   </div>
   <div class='ocr_carea' id='block_1_15' title="bbox 135 1361 1684 1435">
    <p class='ocr_par' dir='ltr' id='par_1_15' title="bbox 135 1361 1684 1435">
     <span class='ocr_line' id='line_1_15' title="bbox 135 1361 1684 1435; baseline -0.006 -16"><span class='ocrx_word' id='word_1_93' title='bbox 135 1369 232 1431; x_wconf 84' lang='lat' dir='ltr'><strong>ait,</strong></span> <span class='ocrx_word' id='word_1_94' title='bbox 260 1369 499 1435; x_wconf 84' lang='lat' dir='ltr'><strong>superius</strong></span> <span class='ocrx_word' id='word_1_95' title='bbox 525 1368 735 1420; x_wconf 86' lang='lat' dir='ltr'><strong>dicens:</strong></span> <span class='ocrx_word' id='word_1_96' title='bbox 770 1364 902 1430; x_wconf 76' lang='lat' dir='ltr'><strong>Quia</strong></span> <span class='ocrx_word' id='word_1_97' title='bbox 930 1364 1118 1417; x_wconf 82' lang='lat' dir='ltr'><strong>[tos-&#39;ias</strong></span> <span class='ocrx_word' id='word_1_98' title='bbox 1147 1373 1190 1416; x_wconf 90' lang='lat' dir='ltr'><strong>et</strong></span> <span class='ocrx_word' id='word_1_99' title='bbox 1211 1363 1490 1414; x_wconf 81' lang='lat' dir='ltr'><strong>oblationes</strong></span> <span class='ocrx_word' id='word_1_100' title='bbox 1519 1371 1563 1413; x_wconf 90' lang='lat' dir='ltr'><strong>et</strong></span> <span class='ocrx_word' id='word_1_101' title='bbox 1593 1361 1684 1411; x_wconf 78' lang='lat' dir='ltr'><strong>lto-</strong></span> 
     </span>
    </p>
   </div>
   <div class='ocr_carea' id='block_1_16' title="bbox 131 1451 1680 1526">
    <p class='ocr_par' dir='ltr' id='par_1_16' title="bbox 131 1451 1680 1526">
     <span class='ocr_line' id='line_1_16' title="bbox 131 1451 1680 1526; baseline -0.008 -14"><span class='ocrx_word' id='word_1_102' title='bbox 131 1460 498 1513; x_wconf 81' lang='lat' dir='ltr'><strong>l&#39;ocaustomata</strong></span> <span class='ocrx_word' id='word_1_103' title='bbox 527 1473 618 1524; x_wconf 87' lang='lat' dir='ltr'><strong>pro</strong></span> <span class='ocrx_word' id='word_1_104' title='bbox 640 1466 838 1526; x_wconf 86' lang='lat' dir='ltr'><strong>peccato</strong></span> <span class='ocrx_word' id='word_1_105' title='bbox 861 1454 1086 1519; x_wconf 78' lang='lat' dir='ltr'><strong>noluisti,</strong></span> <span class='ocrx_word' id='word_1_106' title='bbox 1111 1470 1200 1506; x_wconf 87' lang='lat' dir='ltr'><strong>nec</strong></span> <span class='ocrx_word' id='word_1_107' title='bbox 1224 1455 1543 1523; x_wconf 8' lang='lat' dir='ltr'><strong>placita’sunt</strong></span> <span class='ocrx_word' id='word_1_108' title='bbox 1570 1451 1680 1518; x_wconf 73' lang='lat' dir='ltr'><strong>tibi,</strong></span> 
     </span>
    </p>
   </div>
   <div class='ocr_carea' id='block_1_17' title="bbox 127 1543 1676 1621">
    <p class='ocr_par' dir='ltr' id='par_1_17' title="bbox 127 1543 1676 1621">
     <span class='ocr_line' id='line_1_17' title="bbox 127 1543 1676 1621; baseline -0.004 -20"><span class='ocrx_word' id='word_1_109' title='bbox 127 1568 246 1621; x_wconf 78' lang='lat' dir='ltr'><strong>qua:</strong></span> <span class='ocrx_word' id='word_1_110' title='bbox 261 1551 530 1603; x_wconf 78' lang='lat' dir='ltr'><strong>secundum</strong></span> <span class='ocrx_word' id='word_1_111' title='bbox 551 1549 704 1618; x_wconf 80' lang='lat' dir='ltr'><strong>legem</strong></span> <span class='ocrx_word' id='word_1_112' title='bbox 731 1546 1041 1614; x_wconf 70' lang='lat' dir='ltr'><strong>oﬂ&#39;erantur;</strong></span> <span class='ocrx_word' id='word_1_113' title='bbox 1070 1559 1186 1598; x_wconf 85' lang='lat' dir='ltr'><strong>tunc</strong></span> <span class='ocrx_word' id='word_1_114' title='bbox 1204 1545 1332 1608; x_wconf 69' lang='lat' dir='ltr'><strong>dixi,</strong></span> <span class='ocrx_word' id='word_1_115' title='bbox 1362 1543 1490 1597; x_wconf 75' lang='lat' dir='ltr'><strong>Ecce</strong></span> <span class='ocrx_word' id='word_1_116' title='bbox 1513 1545 1676 1606; x_wconf 79' lang='lat' dir='ltr'><strong>venio,</strong></span> 
     </span>
    </p>
   </div>
   <div class='ocr_carea' id='block_1_18' title="bbox 129 1635 1689 1712">
    <p class='ocr_par' dir='ltr' id='par_1_18' title="bbox 129 1635 1689 1712">
     <span class='ocr_line' id='line_1_18' title="bbox 129 1635 1689 1712; baseline -0.004 -18"><span class='ocrx_word' id='word_1_117' title='bbox 129 1651 186 1694; x_wconf 82' lang='lat' dir='ltr'><strong>ut</strong></span> <span class='ocrx_word' id='word_1_118' title='bbox 214 1643 420 1711; x_wconf 79' lang='lat' dir='ltr'><strong>faciant,</strong></span> <span class='ocrx_word' id='word_1_119' title='bbox 456 1640 609 1703; x_wconf 87' lang='lat' dir='ltr'><strong>Deus,</strong></span> <span class='ocrx_word' id='word_1_120' title='bbox 644 1639 946 1712; x_wconf 84' lang='lat' dir='ltr'><strong>roluntatem</strong></span> <span class='ocrx_word' id='word_1_121' title='bbox 973 1649 1111 1690; x_wconf 85' lang='lat' dir='ltr'><strong>tuam</strong></span> <span class='ocrx_word' id='word_1_122' title='bbox 1153 1636 1337 1707; x_wconf 81' lang='lat' dir='ltr'><strong>(Hebr.</strong></span> <span class='ocrx_word' id='word_1_123' title='bbox 1371 1638 1452 1700; x_wconf 86' lang='lat' dir='ltr'><strong>x).</strong></span> <span class='ocrx_word' id='word_1_124' title='bbox 1503 1635 1689 1688; x_wconf 75' lang='lat' dir='ltr'><strong>Aufert</strong></span> 
     </span>
    </p>
   </div>
   <div class='ocr_carea' id='block_1_19' title="bbox 129 1723 1689 1800">
    <p class='ocr_par' dir='ltr' id='par_1_19' title="bbox 129 1723 1689 1800">
     <span class='ocr_line' id='line_1_19' title="bbox 129 1723 1689 1800; baseline -0.005 -17"><span class='ocrx_word' id='word_1_125' title='bbox 129 1723 386 1800; x_wconf 78' lang='lat' dir='ltr'><strong>primum,</strong></span> <span class='ocrx_word' id='word_1_126' title='bbox 417 1739 474 1784; x_wconf 91' lang='lat' dir='ltr'><strong>ut</strong></span> <span class='ocrx_word' id='word_1_127' title='bbox 499 1745 726 1798; x_wconf 83' lang='lat' dir='ltr'><strong>sequens</strong></span> <span class='ocrx_word' id='word_1_128' title='bbox 755 1738 947 1783; x_wconf 82' lang='lat' dir='ltr'><strong>statuat</strong></span> <span class='ocrx_word' id='word_1_129' title='bbox 981 1744 994 1782; x_wconf 93' lang='lat'>:</span> <span class='ocrx_word' id='word_1_130' title='bbox 1021 1729 1072 1782; x_wconf 86' lang='lat' dir='ltr'><strong>in</strong></span> <span class='ocrx_word' id='word_1_131' title='bbox 1097 1744 1196 1796; x_wconf 80' lang='lat' dir='ltr'><strong>qua</strong></span> <span class='ocrx_word' id='word_1_132' title='bbox 1229 1730 1478 1780; x_wconf 69' lang='lat' dir='ltr'><strong>voluntate</strong></span> <span class='ocrx_word' id='word_1_133' title='bbox 1499 1725 1689 1779; x_wconf 81' lang='lat' dir='ltr'><strong>sancti—</strong></span> 
     </span>
    </p>
   </div>
   <div class='ocr_carea' id='block_1_20' title="bbox 1783 547 3334 626">
    <p class='ocr_par' dir='ltr' id='par_1_20' title="bbox 1783 547 3334 626">
     <span class='ocr_line' id='line_1_20' title="bbox 1783 547 3334 626; baseline 0.011 -28"><span class='ocrx_word' id='word_1_134' title='bbox 1783 547 1919 609; x_wconf 84' lang='lat' dir='ltr'><strong>istis,</strong></span> <span class='ocrx_word' id='word_1_135' title='bbox 1946 550 2031 615; x_wconf 77' lang='lat' dir='ltr'><strong>qui</strong></span> <span class='ocrx_word' id='word_1_136' title='bbox 2060 549 2110 601; x_wconf 89' lang='lat' dir='ltr'><strong>in</strong></span> <span class='ocrx_word' id='word_1_137' title='bbox 2141 566 2218 603; x_wconf 86' lang='lat' dir='ltr'><strong>me</strong></span> <span class='ocrx_word' id='word_1_138' title='bbox 2245 553 2452 604; x_wconf 79' lang='lat' dir='ltr'><strong>credunt</strong></span> <span class='ocrx_word' id='word_1_139' title='bbox 2491 553 2703 622; x_wconf 83' lang='lat' dir='ltr'><strong>(.llattlt.</strong></span> <span class='ocrx_word' id='word_1_140' title='bbox 2737 559 2908 626; x_wconf 76' lang='lat' dir='ltr'><strong>svttt).</strong></span> <span class='ocrx_word' id='word_1_141' title='bbox 2950 559 3049 624; x_wconf 87' lang='lat' dir='ltr'><strong>Qui</strong></span> <span class='ocrx_word' id='word_1_142' title='bbox 3092 559 3334 615; x_wconf 82' lang='lat' dir='ltr'><strong>nimirum</strong></span> 
     </span>
    </p>
   </div>
   <div class='ocr_carea' id='block_1_21' title="bbox 1782 636 3334 712">
    <p class='ocr_par' dir='ltr' id='par_1_21' title="bbox 1782 636 3334 712">
     <span class='ocr_line' id='line_1_21' title="bbox 1782 636 3334 712; baseline 0.012 -28"><span class='ocrx_word' id='word_1_143' title='bbox 1782 648 1987 698; x_wconf 81' lang='lat' dir='ltr'><strong>ontnes,</strong></span> <span class='ocrx_word' id='word_1_144' title='bbox 2027 636 2077 688; x_wconf 88' lang='lat' dir='ltr'><strong>in</strong></span> <span class='ocrx_word' id='word_1_145' title='bbox 2109 637 2337 692; x_wconf 75' lang='lat' dir='ltr'><strong>diversis</strong></span> <span class='ocrx_word' id='word_1_146' title='bbox 2368 640 2485 694; x_wconf 90' lang='lat' dir='ltr'><strong>licet</strong></span> <span class='ocrx_word' id='word_1_147' title='bbox 2514 645 2778 709; x_wconf 77' lang='lat' dir='ltr'><strong>gradibus,</strong></span> <span class='ocrx_word' id='word_1_148' title='bbox 2806 647 3068 711; x_wconf 74' lang='lat' dir='ltr'><strong>mtatibus,</strong></span> <span class='ocrx_word' id='word_1_149' title='bbox 3099 650 3334 712; x_wconf 64' lang='lat' dir='ltr'><strong>sexibus.</strong></span> 
     </span>
    </p>
   </div>
   <div class='ocr_carea' id='block_1_22' title="bbox 1781 725 3337 800">
    <p class='ocr_par' dir='ltr' id='par_1_22' title="bbox 1781 725 3337 800">
     <span class='ocr_line' id='line_1_22' title="bbox 1781 725 3337 800; baseline 0.008 -22"><span class='ocrx_word' id='word_1_150' title='bbox 1781 725 2191 791; x_wconf 86' lang='lat' dir='ltr'><strong>conditionibus,</strong></span> <span class='ocrx_word' id='word_1_151' title='bbox 2234 729 2485 797; x_wconf 77' lang='lat' dir='ltr'><strong>ingeniis,</strong></span> <span class='ocrx_word' id='word_1_152' title='bbox 2535 734 2887 800; x_wconf 83' lang='lat' dir='ltr'><strong>temporibus,</strong></span> <span class='ocrx_word' id='word_1_153' title='bbox 2931 736 3018 788; x_wconf 89' lang='lat' dir='ltr'><strong>uni</strong></span> <span class='ocrx_word' id='word_1_154' title='bbox 3057 739 3337 799; x_wconf 84' lang='lat' dir='ltr'><strong>eidemque</strong></span> 
     </span>
    </p>
   </div>
   <div class='ocr_carea' id='block_1_23' title="bbox 1783 811 3338 894">
    <p class='ocr_par' dir='ltr' id='par_1_23' title="bbox 1783 811 3338 894">
     <span class='ocr_line' id='line_1_23' title="bbox 1783 811 3338 894; baseline 0.008 -26"><span class='ocrx_word' id='word_1_155' title='bbox 1783 815 1984 868; x_wconf 87' lang='lat' dir='ltr'><strong>auctori</strong></span> <span class='ocrx_word' id='word_1_156' title='bbox 2014 831 2074 868; x_wconf 88' lang='lat' dir='ltr'><strong>ac</strong></span> <span class='ocrx_word' id='word_1_157' title='bbox 2098 817 2265 872; x_wconf 85' lang='lat' dir='ltr'><strong>datori</strong></span> <span class='ocrx_word' id='word_1_158' title='bbox 2297 830 2562 886; x_wconf 82' lang='lat' dir='ltr'><strong>perpetuo:</strong></span> <span class='ocrx_word' id='word_1_159' title='bbox 2593 820 2740 884; x_wconf 89' lang='lat' dir='ltr'><strong>lucis,</strong></span> <span class='ocrx_word' id='word_1_160' title='bbox 2768 835 2861 874; x_wconf 80' lang='lat' dir='ltr'><strong>suo</strong></span> <span class='ocrx_word' id='word_1_161' title='bbox 2885 825 3077 890; x_wconf 88' lang='lat' dir='ltr'><strong>quique</strong></span> <span class='ocrx_word' id='word_1_162' title='bbox 3104 811 3338 894; x_wconf 81' lang='lat' dir='ltr'><strong>lenipure</strong></span> 
     </span>
    </p>
   </div>
   <div class='ocr_carea' id='block_1_24' title="bbox 1784 907 3338 977">
    <p class='ocr_par' dir='ltr' id='par_1_24' title="bbox 1784 907 3338 977">
     <span class='ocr_line' id='line_1_24' title="bbox 1784 907 3338 977; baseline 0.008 -18"><span class='ocrx_word' id='word_1_163' title='bbox 1784 920 1845 960; x_wconf 90' lang='lat' dir='ltr'><strong>ac</strong></span> <span class='ocrx_word' id='word_1_164' title='bbox 1875 907 2006 975; x_wconf 74' lang='lat' dir='ltr'><strong>loi-o,</strong></span> <span class='ocrx_word' id='word_1_165' title='bbox 2052 910 2198 977; x_wconf 88' lang='lat' dir='ltr'><strong>quasi</strong></span> <span class='ocrx_word' id='word_1_166' title='bbox 2241 911 2556 965; x_wconf 86' lang='lat' dir='ltr'><strong>caude&#39;ahro</strong></span> <span class='ocrx_word' id='word_1_167' title='bbox 2584 927 2745 966; x_wconf 90' lang='lat' dir='ltr'><strong>aureo</strong></span> <span class='ocrx_word' id='word_1_168' title='bbox 2787 915 2883 968; x_wconf 80' lang='lat' dir='ltr'><strong>lixa</strong></span> <span class='ocrx_word' id='word_1_169' title='bbox 2929 917 3105 971; x_wconf 85' lang='lat' dir='ltr'><strong>radice</strong></span> <span class='ocrx_word' id='word_1_170' title='bbox 3147 919 3338 973; x_wconf 87' lang='lat' dir='ltr'><strong>mentis</strong></span> 
     </span>
    </p>
   </div>
   <div class='ocr_carea' id='block_1_25' title="bbox 1785 998 3336 1075">
    <p class='ocr_par' dir='ltr' id='par_1_25' title="bbox 1785 998 3336 1075">
     <span class='ocr_line' id='line_1_25' title="bbox 1785 998 3336 1075; baseline 0.008 -24"><span class='ocrx_word' id='word_1_171' title='bbox 1785 998 2068 1062; x_wconf 62' lang='lat' dir='ltr'><strong>inhaerent,</strong></span> <span class='ocrx_word' id='word_1_172' title='bbox 2100 1016 2202 1068; x_wconf 90' lang='lat' dir='ltr'><strong>quo</strong></span> <span class='ocrx_word' id='word_1_173' title='bbox 2228 1001 2462 1070; x_wconf 85' lang='lat' dir='ltr'><strong>ejusdem</strong></span> <span class='ocrx_word' id='word_1_174' title='bbox 2500 1005 2779 1073; x_wconf 78' lang='lat' dir='ltr'><strong>participes</strong></span> <span class='ocrx_word' id='word_1_175' title='bbox 2808 1008 2938 1060; x_wconf 78' lang='lat' dir='ltr'><strong>lucis</strong></span> <span class='ocrx_word' id='word_1_176' title='bbox 2970 1008 3081 1062; x_wconf 86' lang='lat' dir='ltr'><strong>fleri</strong></span> <span class='ocrx_word' id='word_1_177' title='bbox 3114 1011 3336 1075; x_wconf 80' lang='lat' dir='ltr'><strong>possint.</strong></span> 
     </span>
    </p>
   </div>
   <div class='ocr_carea' id='block_1_26' title="bbox 1785 1087 3331 1156">
    <p class='ocr_par' dir='ltr' id='par_1_26' title="bbox 1785 1087 3331 1156">
     <span class='ocr_line' id='line_1_26' title="bbox 1785 1087 3331 1156; baseline 0.011 -19"><span class='ocrx_word' id='word_1_178' title='bbox 1785 1087 1933 1153; x_wconf 83' lang='lat' dir='ltr'><strong>Quod</strong></span> <span class='ocrx_word' id='word_1_179' title='bbox 1980 1089 2222 1142; x_wconf 86' lang='lat' dir='ltr'><strong>videlicet</strong></span> <span class='ocrx_word' id='word_1_180' title='bbox 2269 1092 2676 1156; x_wconf 77' lang='lat' dir='ltr'><strong>candelabrum,</strong></span> <span class='ocrx_word' id='word_1_181' title='bbox 2729 1106 2868 1149; x_wconf 87' lang='lat' dir='ltr'><strong>recte</strong></span> <span class='ocrx_word' id='word_1_182' title='bbox 2920 1097 3169 1151; x_wconf 72' lang='lat' dir='ltr'><strong>talentum</strong></span> <span class='ocrx_word' id='word_1_183' title='bbox 3217 1103 3331 1153; x_wconf 83' lang='lat' dir='ltr'><strong>auri</strong></span> 
     </span>
    </p>
   </div>
   <div class='ocr_carea' id='block_1_27' title="bbox 1787 1179 3334 1250">
    <p class='ocr_par' dir='ltr' id='par_1_27' title="bbox 1787 1179 3334 1250">
     <span class='ocr_line' id='line_1_27' title="bbox 1787 1179 3334 1250; baseline 0.006 -18"><span class='ocrx_word' id='word_1_184' title='bbox 1787 1179 2115 1232; x_wconf 85' lang='lat' dir='ltr'><strong>mundissimi</strong></span> <span class='ocrx_word' id='word_1_185' title='bbox 2172 1179 2365 1233; x_wconf 83' lang='lat' dir='ltr'><strong>habere</strong></span> <span class='ocrx_word' id='word_1_186' title='bbox 2421 1181 2613 1236; x_wconf 77' lang='lat' dir='ltr'><strong>debere</strong></span> <span class='ocrx_word' id='word_1_187' title='bbox 2664 1196 3018 1250; x_wconf 82' lang='lat' dir='ltr'><strong>memoratur,</strong></span> <span class='ocrx_word' id='word_1_188' title='bbox 3087 1189 3334 1242; x_wconf 82' lang='lat' dir='ltr'><strong>talentum</strong></span> 
     </span>
    </p>
   </div>
   <div class='ocr_carea' id='block_1_28' title="bbox 1789 1270 3334 1347">
    <p class='ocr_par' dir='ltr' id='par_1_28' title="bbox 1789 1270 3334 1347">
     <span class='ocr_line' id='line_1_28' title="bbox 1789 1270 3334 1347; baseline 0.005 -25"><span class='ocrx_word' id='word_1_189' title='bbox 1789 1284 2015 1338; x_wconf 84' lang='lat' dir='ltr'><strong>namque</strong></span> <span class='ocrx_word' id='word_1_190' title='bbox 2044 1270 2245 1338; x_wconf 91' lang='lat' dir='ltr'><strong>pondus</strong></span> <span class='ocrx_word' id='word_1_191' title='bbox 2276 1270 2483 1336; x_wconf 90' lang='lat' dir='ltr'><strong>plenum</strong></span> <span class='ocrx_word' id='word_1_192' title='bbox 2525 1285 2583 1321; x_wconf 86' lang='lat' dir='ltr'><strong>ac</strong></span> <span class='ocrx_word' id='word_1_193' title='bbox 2617 1272 2901 1336; x_wconf 87' lang='lat' dir='ltr'><strong>perfectum</strong></span> <span class='ocrx_word' id='word_1_194' title='bbox 2934 1286 3011 1326; x_wconf 83' lang='lat' dir='ltr'><strong>est</strong></span> <span class='ocrx_word' id='word_1_195' title='bbox 3042 1290 3057 1328; x_wconf 89' lang='lat'>:</span> <span class='ocrx_word' id='word_1_196' title='bbox 3093 1276 3222 1340; x_wconf 80' lang='lat' dir='ltr'><strong>Quia</strong></span> <span class='ocrx_word' id='word_1_197' title='bbox 3241 1278 3334 1347; x_wconf 85' lang='lat' dir='ltr'><strong>ju-</strong></span> 
     </span>
    </p>
   </div>
   <div class='ocr_carea' id='block_1_29' title="bbox 1786 1358 3338 1434">
    <p class='ocr_par' dir='ltr' id='par_1_29' title="bbox 1786 1358 3338 1434">
     <span class='ocr_line' id='line_1_29' title="bbox 1786 1358 3338 1434; baseline 0.003 -24"><span class='ocrx_word' id='word_1_198' title='bbox 1786 1369 1894 1413; x_wconf 87' lang='lat' dir='ltr'><strong>stus</strong></span> <span class='ocrx_word' id='word_1_199' title='bbox 1927 1358 2167 1411; x_wconf 77' lang='lat' dir='ltr'><strong>Dominus</strong></span> <span class='ocrx_word' id='word_1_200' title='bbox 2196 1360 2248 1411; x_wconf 84' lang='lat' dir='ltr'><strong>in</strong></span> <span class='ocrx_word' id='word_1_201' title='bbox 2276 1360 2500 1412; x_wconf 80' lang='lat' dir='ltr'><strong>omnibus</strong></span> <span class='ocrx_word' id='word_1_202' title='bbox 2528 1361 2619 1412; x_wconf 85' lang='lat' dir='ltr'><strong>viis</strong></span> <span class='ocrx_word' id='word_1_203' title='bbox 2648 1362 2752 1412; x_wconf 88' lang='lat' dir='ltr'><strong>suis</strong></span> <span class='ocrx_word' id='word_1_204' title='bbox 2794 1360 3011 1431; x_wconf 81' lang='lat' dir='ltr'><strong>(Psalm.</strong></span> <span class='ocrx_word' id='word_1_205' title='bbox 3044 1369 3257 1434; x_wconf 68' lang='lat' dir='ltr'><strong>cstJv);</strong></span> <span class='ocrx_word' id='word_1_206' title='bbox 3287 1377 3338 1421; x_wconf 78' lang='lat' dir='ltr'><strong>rt</strong></span> 
     </span>
    </p>
   </div>
   <div class='ocr_carea' id='block_1_30' title="bbox 1789 1449 3335 1523">
    <p class='ocr_par' dir='ltr' id='par_1_30' title="bbox 1789 1449 3335 1523">
     <span class='ocr_line' id='line_1_30' title="bbox 1789 1449 3335 1523; baseline 0.005 -22"><span class='ocrx_word' id='word_1_207' title='bbox 1789 1449 1879 1518; x_wconf 89' lang='lat' dir='ltr'><strong>qui</strong></span> <span class='ocrx_word' id='word_1_208' title='bbox 1907 1465 2053 1504; x_wconf 88' lang='lat' dir='ltr'><strong>suam</strong></span> <span class='ocrx_word' id='word_1_209' title='bbox 2082 1452 2297 1517; x_wconf 80' lang='lat' dir='ltr'><strong>gratiam</strong></span> <span class='ocrx_word' id='word_1_210' title='bbox 2329 1450 2380 1502; x_wconf 90' lang='lat' dir='ltr'><strong>in</strong></span> <span class='ocrx_word' id='word_1_211' title='bbox 2414 1451 2508 1502; x_wconf 89' lang='lat' dir='ltr'><strong>bac</strong></span> <span class='ocrx_word' id='word_1_212' title='bbox 2535 1450 2640 1503; x_wconf 79' lang='lat' dir='ltr'><strong>vita</strong></span> <span class='ocrx_word' id='word_1_213' title='bbox 2673 1450 2934 1516; x_wconf 79' lang='lat' dir='ltr'><strong>ﬁdelibus,</strong></span> <span class='ocrx_word' id='word_1_214' title='bbox 2967 1464 3021 1506; x_wconf 93' lang='lat' dir='ltr'><strong>ut</strong></span> <span class='ocrx_word' id='word_1_215' title='bbox 3052 1456 3184 1509; x_wconf 88' lang='lat' dir='ltr'><strong>bene</strong></span> <span class='ocrx_word' id='word_1_216' title='bbox 3210 1470 3335 1523; x_wconf 85' lang='lat' dir='ltr'><strong>epe-</strong></span> 
     </span>
    </p>
   </div>
   <div class='ocr_carea' id='block_1_31' title="bbox 1791 1541 3341 1612">
    <p class='ocr_par' dir='ltr' id='par_1_31' title="bbox 1791 1541 3341 1612">
     <span class='ocr_line' id='line_1_31' title="bbox 1791 1541 3341 1612; baseline 0.003 -15"><span class='ocrx_word' id='word_1_217' title='bbox 1791 1552 1991 1606; x_wconf 89' lang='lat' dir='ltr'><strong>rentur,</strong></span> <span class='ocrx_word' id='word_1_218' title='bbox 2023 1541 2375 1610; x_wconf 34' lang='lat' dir='ltr'><strong>tribuit,‘ipse</strong></span> <span class='ocrx_word' id='word_1_219' title='bbox 2401 1557 2648 1595; x_wconf 83' lang='lat' dir='ltr'><strong>coronam</strong></span> <span class='ocrx_word' id='word_1_220' title='bbox 2678 1544 2893 1612; x_wconf 78' lang='lat' dir='ltr'><strong>justitize</strong></span> <span class='ocrx_word' id='word_1_221' title='bbox 2925 1546 2973 1599; x_wconf 90' lang='lat' dir='ltr'><strong>in</strong></span> <span class='ocrx_word' id='word_1_222' title='bbox 3001 1546 3086 1600; x_wconf 79' lang='lat' dir='ltr'><strong>illa</strong></span> <span class='ocrx_word' id='word_1_223' title='bbox 3117 1549 3217 1601; x_wconf 74' lang='lat' dir='ltr'><strong>vita</strong></span> <span class='ocrx_word' id='word_1_224' title='bbox 3250 1550 3341 1601; x_wconf 86' lang='lat' dir='ltr'><strong>bo-</strong></span> 
     </span>
    </p>
   </div>
   <div class='ocr_carea' id='block_1_32' title="bbox 1793 1632 3340 1700">
    <p class='ocr_par' dir='ltr' id='par_1_32' title="bbox 1793 1632 3340 1700">
     <span class='ocr_line' id='line_1_32' title="bbox 1793 1632 3340 1700; baseline 0.003 -15"><span class='ocrx_word' id='word_1_225' title='bbox 1793 1632 1876 1686; x_wconf 90' lang='lat' dir='ltr'><strong>nis</strong></span> <span class='ocrx_word' id='word_1_226' title='bbox 1925 1647 2106 1686; x_wconf 89' lang='lat' dir='ltr'><strong>eorum</strong></span> <span class='ocrx_word' id='word_1_227' title='bbox 2154 1632 2400 1700; x_wconf 82' lang='lat' dir='ltr'><strong>operibus</strong></span> <span class='ocrx_word' id='word_1_228' title='bbox 2445 1632 2639 1686; x_wconf 88' lang='lat' dir='ltr'><strong>reddit.</strong></span> <span class='ocrx_word' id='word_1_229' title='bbox 2694 1633 2789 1687; x_wconf 88' lang='lat' dir='ltr'><strong>Cui</strong></span> <span class='ocrx_word' id='word_1_230' title='bbox 2837 1645 3015 1690; x_wconf 85' lang='lat' dir='ltr'><strong>contra</strong></span> <span class='ocrx_word' id='word_1_231' title='bbox 3062 1637 3340 1692; x_wconf 81' lang='lat' dir='ltr'><strong>Zacharias</strong></span> 
     </span>
    </p>
   </div>
   <div class='ocr_carea' id='block_1_33' title="bbox 1795 1722 3340 1793">
    <p class='ocr_par' dir='ltr' id='par_1_33' title="bbox 1795 1722 3340 1793">
     <span class='ocr_line' id='line_1_33' title="bbox 1795 1722 3340 1793; baseline 0.005 -21"><span class='ocrx_word' id='word_1_232' title='bbox 1795 1722 2046 1792; x_wconf 84' lang='lat' dir='ltr'><strong>propheta</strong></span> <span class='ocrx_word' id='word_1_233' title='bbox 2092 1722 2398 1789; x_wconf 80' lang='lat' dir='ltr'><strong>iniquitatem</strong></span> <span class='ocrx_word' id='word_1_234' title='bbox 2450 1738 2600 1789; x_wconf 79' lang='lat' dir='ltr'><strong>super</strong></span> <span class='ocrx_word' id='word_1_235' title='bbox 2647 1724 2886 1776; x_wconf 80' lang='lat' dir='ltr'><strong>talentum</strong></span> <span class='ocrx_word' id='word_1_236' title='bbox 2935 1726 3124 1793; x_wconf 79' lang='lat' dir='ltr'><strong>plumbi</strong></span> <span class='ocrx_word' id='word_1_237' title='bbox 3169 1728 3340 1780; x_wconf 82' lang='lat' dir='ltr'><strong>sedere</strong></span> 
     </span>
    </p>
   </div>
   <div class='ocr_carea' id='block_1_34' title="bbox 129 1791 3339 1889">
    <p class='ocr_par' dir='ltr' id='par_1_34' title="bbox 129 1791 3339 1889">
     <span class='ocr_line' id='line_1_34' title="bbox 129 1791 3339 1889; baseline -0.001 -17"><span class='ocrx_word' id='word_1_238' title='bbox 129 1791 300 1889; x_wconf 48' lang='grc' dir='ltr'><strong>λεί-(ιη’</strong></span> <span class='ocrx_word' id='word_1_239' title='bbox 331 1791 504 1874; x_wconf 68' lang='lat' dir='ltr'><strong>sumus</strong></span> <span class='ocrx_word' id='word_1_240' title='bbox 559 1791 648 1889; x_wconf 73' lang='lat' dir='ltr'><strong>per</strong></span> <span class='ocrx_word' id='word_1_241' title='bbox 697 1819 1000 1872; x_wconf 81' lang='lat' dir='ltr'><strong>oblationem</strong></span> <span class='ocrx_word' id='word_1_242' title='bbox 1047 1791 1273 1888; x_wconf 79' lang='lat' dir='ltr'><strong>corporis</strong></span> <span class='ocrx_word' id='word_1_243' title='bbox 1312 1817 1498 1870; x_wconf 83' lang='lat' dir='ltr'><strong>Christi</strong></span> <span class='ocrx_word' id='word_1_244' title='bbox 1535 1816 1680 1869; x_wconf 74' lang='lat' dir='ltr'><strong>Jesu.</strong></span> <span class='ocrx_word' id='word_1_245' title='bbox 1721 1791 1764 1850; x_wconf 75' lang='grc' dir='ltr'><strong>Β</strong></span> <span class='ocrx_word' id='word_1_246' title='bbox 1797 1811 1973 1879; x_wconf 80' lang='lat' dir='ltr'><strong>(lactt.</strong></span> <span class='ocrx_word' id='word_1_247' title='bbox 2005 1811 2055 1881; x_wconf 70' lang='grc' dir='ltr'><strong>ν)</strong></span> <span class='ocrx_word' id='word_1_248' title='bbox 2085 1811 2365 1876; x_wconf 53' lang='lat' dir='ltr'><strong>describit;</strong></span> <span class='ocrx_word' id='word_1_249' title='bbox 2407 1814 2526 1880; x_wconf 89' lang='lat' dir='ltr'><strong>quia</strong></span> <span class='ocrx_word' id='word_1_250' title='bbox 2553 1814 2877 1878; x_wconf 53' lang='lat' dir='ltr'><strong>elsreprubis</strong></span> <span class='ocrx_word' id='word_1_251' title='bbox 2910 1791 2958 1866; x_wconf 88' lang='lat' dir='ltr'><strong>in</strong></span> <span class='ocrx_word' id='word_1_252' title='bbox 2986 1817 3168 1869; x_wconf 85' lang='lat' dir='ltr'><strong>eodem</strong></span> <span class='ocrx_word' id='word_1_253' title='bbox 3195 1817 3339 1882; x_wconf 79' lang='lat' dir='ltr'><strong>justo</strong></span> 
     </span>
    </p>
   </div>
   <div class='ocr_carea' id='block_1_35' title="bbox 133 1909 1689 1978">
    <p class='ocr_par' dir='ltr' id='par_1_35' title="bbox 133 1909 1689 1978">
     <span class='ocr_line' id='line_1_35' title="bbox 133 1909 1689 1978; baseline -0.004 -14"><span class='ocrx_word' id='word_1_254' title='bbox 133 1910 477 1964; x_wconf 82' lang='lat' dir='ltr'><strong>Emunctorio</strong></span> <span class='ocrx_word' id='word_1_255' title='bbox 527 1925 675 1978; x_wconf 85' lang='lat' dir='ltr'><strong>ergo,</strong></span> <span class='ocrx_word' id='word_1_256' title='bbox 706 1919 760 1963; x_wconf 93' lang='lat' dir='ltr'><strong>et</strong></span> <span class='ocrx_word' id='word_1_257' title='bbox 787 1924 905 1962; x_wconf 88' lang='lat' dir='ltr'><strong>vaso</strong></span> <span class='ocrx_word' id='word_1_258' title='bbox 963 1909 1048 1961; x_wconf 92' lang='lat' dir='ltr'><strong>ubi</strong></span> <span class='ocrx_word' id='word_1_259' title='bbox 1103 1923 1221 1975; x_wconf 73' lang='lat' dir='ltr'><strong>qua:</strong></span> <span class='ocrx_word' id='word_1_260' title='bbox 1274 1917 1522 1961; x_wconf 90' lang='lat' dir='ltr'><strong>emuncto</strong></span> <span class='ocrx_word' id='word_1_261' title='bbox 1565 1918 1689 1959; x_wconf 90' lang='lat' dir='ltr'><strong>sunt</strong></span> 
     </span>
    </p>
   </div>
   <div class='ocr_carea' id='block_1_36' title="bbox 130 1999 1685 2070">
    <p class='ocr_par' dir='ltr' id='par_1_36' title="bbox 130 1999 1685 2070">
     <span class='ocr_line' id='line_1_36' title="bbox 130 1999 1685 2070; baseline -0.005 -15"><span class='ocrx_word' id='word_1_262' title='bbox 130 2003 559 2070; x_wconf 77' lang='lat' dir='ltr'><strong>exstinguuntur,</strong></span> <span class='ocrx_word' id='word_1_263' title='bbox 605 1999 736 2054; x_wconf 80' lang='lat' dir='ltr'><strong>ﬁunt</strong></span> <span class='ocrx_word' id='word_1_264' title='bbox 762 1999 829 2054; x_wconf 89' lang='lat' dir='ltr'><strong>de</strong></span> <span class='ocrx_word' id='word_1_265' title='bbox 857 2013 987 2052; x_wconf 87' lang='lat' dir='ltr'><strong>auro</strong></span> <span class='ocrx_word' id='word_1_266' title='bbox 1019 2000 1302 2066; x_wconf 85' lang='lat' dir='ltr'><strong>purissimo</strong></span> <span class='ocrx_word' id='word_1_267' title='bbox 1327 2015 1342 2062; x_wconf 86' lang='lat'><strong>;</strong></span> <span class='ocrx_word' id='word_1_268' title='bbox 1374 1999 1494 2066; x_wconf 84' lang='lat' dir='ltr'><strong>quia</strong></span> <span class='ocrx_word' id='word_1_269' title='bbox 1520 2008 1571 2051; x_wconf 91' lang='lat' dir='ltr'><strong>et</strong></span> <span class='ocrx_word' id='word_1_270' title='bbox 1600 1999 1685 2049; x_wconf 90' lang='lat' dir='ltr'><strong>di-</strong></span> 
     </span>
    </p>
   </div>
   <div class='ocr_carea' id='block_1_37' title="bbox 130 2088 1684 2158">
    <p class='ocr_par' dir='ltr' id='par_1_37' title="bbox 130 2088 1684 2158">
     <span class='ocr_line' id='line_1_37' title="bbox 130 2088 1684 2158; baseline -0.003 -14"><span class='ocrx_word' id='word_1_271' title='bbox 130 2092 256 2145; x_wconf 81' lang='lat' dir='ltr'><strong>vino</strong></span> <span class='ocrx_word' id='word_1_272' title='bbox 276 2101 398 2145; x_wconf 89' lang='lat' dir='ltr'><strong>sunt</strong></span> <span class='ocrx_word' id='word_1_273' title='bbox 428 2091 610 2150; x_wconf 87' lang='lat' dir='ltr'><strong>verba,</strong></span> <span class='ocrx_word' id='word_1_274' title='bbox 646 2090 839 2158; x_wconf 89' lang='lat' dir='ltr'><strong>quibus</strong></span> <span class='ocrx_word' id='word_1_275' title='bbox 879 2089 1109 2142; x_wconf 86' lang='lat' dir='ltr'><strong>cessatio</strong></span> <span class='ocrx_word' id='word_1_276' title='bbox 1137 2090 1572 2153; x_wconf 60' lang='lat' dir='ltr'><strong>caeremoniarum</strong></span> <span class='ocrx_word' id='word_1_277' title='bbox 1609 2088 1684 2140; x_wconf 89' lang='lat' dir='ltr'><strong>Ie-</strong></span> 
     </span>
    </p>
   </div>
   <div class='ocr_carea' id='block_1_38' title="bbox 129 2178 1685 2248">
    <p class='ocr_par' dir='ltr' id='par_1_38' title="bbox 129 2178 1685 2248">
     <span class='ocr_line' id='line_1_38' title="bbox 129 2178 1685 2248; baseline -0.002 -16"><span class='ocrx_word' id='word_1_278' title='bbox 129 2180 331 2248; x_wconf 77' lang='lat' dir='ltr'><strong>galium</strong></span> <span class='ocrx_word' id='word_1_279' title='bbox 357 2179 706 2248; x_wconf 73' lang='lat' dir='ltr'><strong>prmdicotur:</strong></span> <span class='ocrx_word' id='word_1_280' title='bbox 738 2189 790 2232; x_wconf 87' lang='lat' dir='ltr'><strong>et</strong></span> <span class='ocrx_word' id='word_1_281' title='bbox 821 2178 909 2232; x_wconf 90' lang='lat' dir='ltr'><strong>Dei</strong></span> <span class='ocrx_word' id='word_1_282' title='bbox 939 2179 1106 2248; x_wconf 82' lang='lat' dir='ltr'><strong>gratia</strong></span> <span class='ocrx_word' id='word_1_283' title='bbox 1135 2188 1256 2230; x_wconf 91' lang='lat' dir='ltr'><strong>sunt</strong></span> <span class='ocrx_word' id='word_1_284' title='bbox 1307 2178 1562 2231; x_wconf 89' lang='lat' dir='ltr'><strong>illustrata</strong></span> <span class='ocrx_word' id='word_1_285' title='bbox 1595 2191 1685 2229; x_wconf 87' lang='lat' dir='ltr'><strong>eo-</strong></span> 
     </span>
    </p>
   </div>
   <div class='ocr_carea' id='block_1_39' title="bbox 131 2265 1681 2337">
    <p class='ocr_par' dir='ltr' id='par_1_39' title="bbox 131 2265 1681 2337">
     <span class='ocr_line' id='line_1_39' title="bbox 131 2265 1681 2337; baseline -0.005 -13"><span class='ocrx_word' id='word_1_286' title='bbox 131 2285 250 2324; x_wconf 91' lang='lat' dir='ltr'><strong>rum</strong></span> <span class='ocrx_word' id='word_1_287' title='bbox 297 2268 476 2334; x_wconf 87' lang='lat' dir='ltr'><strong>corda,</strong></span> <span class='ocrx_word' id='word_1_288' title='bbox 509 2269 562 2322; x_wconf 88' lang='lat' dir='ltr'><strong>in</strong></span> <span class='ocrx_word' id='word_1_289' title='bbox 593 2267 779 2337; x_wconf 88' lang='lat' dir='ltr'><strong>quibus</strong></span> <span class='ocrx_word' id='word_1_290' title='bbox 828 2269 1010 2320; x_wconf 88' lang='lat' dir='ltr'><strong>eadem</strong></span> <span class='ocrx_word' id='word_1_291' title='bbox 1064 2268 1284 2335; x_wconf 80' lang='lat' dir='ltr'><strong>ligttrata</strong></span> <span class='ocrx_word' id='word_1_292' title='bbox 1335 2267 1464 2334; x_wconf 73' lang='lat' dir='ltr'><strong>legis</strong></span> <span class='ocrx_word' id='word_1_293' title='bbox 1494 2265 1681 2319; x_wconf 87' lang='lat' dir='ltr'><strong>adum-</strong></span> 
     </span>
    </p>
   </div>
   <div class='ocr_carea' id='block_1_40' title="bbox 133 2354 1684 2424">
    <p class='ocr_par' dir='ltr' id='par_1_40' title="bbox 133 2354 1684 2424">
     <span class='ocr_line' id='line_1_40' title="bbox 133 2354 1684 2424; baseline -0.005 -10"><span class='ocrx_word' id='word_1_294' title='bbox 133 2360 308 2414; x_wconf 85' lang='lat' dir='ltr'><strong>bratio</strong></span> <span class='ocrx_word' id='word_1_295' title='bbox 351 2359 506 2413; x_wconf 83' lang='lat' dir='ltr'><strong>liuent</strong></span> <span class='ocrx_word' id='word_1_296' title='bbox 558 2357 765 2424; x_wconf 88' lang='lat' dir='ltr'><strong>occipit,</strong></span> <span class='ocrx_word' id='word_1_297' title='bbox 801 2355 1160 2411; x_wconf 88' lang='lat' dir='ltr'><strong>utsuecedens</strong></span> <span class='ocrx_word' id='word_1_298' title='bbox 1188 2355 1454 2422; x_wconf 83' lang='lat' dir='ltr'><strong>Evangelii</strong></span> <span class='ocrx_word' id='word_1_299' title='bbox 1487 2354 1684 2408; x_wconf 88' lang='lat' dir='ltr'><strong>veritas</strong></span> 
     </span>
    </p>
   </div>
   <div class='ocr_carea' id='block_1_41' title="bbox 132 2445 1686 2515">
    <p class='ocr_par' dir='ltr' id='par_1_41' title="bbox 132 2445 1686 2515">
     <span class='ocr_line' id='line_1_41' title="bbox 132 2445 1686 2515; baseline -0.005 -12"><span class='ocrx_word' id='word_1_300' title='bbox 132 2449 330 2503; x_wconf 90' lang='lat' dir='ltr'><strong>clarius</strong></span> <span class='ocrx_word' id='word_1_301' title='bbox 365 2448 562 2501; x_wconf 90' lang='lat' dir='ltr'><strong>mundo</strong></span> <span class='ocrx_word' id='word_1_302' title='bbox 593 2448 811 2501; x_wconf 88' lang='lat' dir='ltr'><strong>luceret.</strong></span> <span class='ocrx_word' id='word_1_303' title='bbox 839 2446 1055 2500; x_wconf 85' lang='lat' dir='ltr'><strong>Constat</strong></span> <span class='ocrx_word' id='word_1_304' title='bbox 1076 2445 1215 2500; x_wconf 92' lang='lat' dir='ltr'><strong>enim</strong></span> <span class='ocrx_word' id='word_1_305' title='bbox 1249 2447 1444 2515; x_wconf 90' lang='lat' dir='ltr'><strong>primos</strong></span> <span class='ocrx_word' id='word_1_306' title='bbox 1475 2455 1686 2514; x_wconf 84' lang='lat' dir='ltr'><strong>aposto-</strong></span> 
     </span>
    </p>
   </div>
   <div class='ocr_carea' id='block_1_42' title="bbox 131 2536 1687 2607">
    <p class='ocr_par' dir='ltr' id='par_1_42' title="bbox 131 2536 1687 2607">
     <span class='ocr_line' id='line_1_42' title="bbox 131 2536 1687 2607; baseline -0.003 -12"><span class='ocrx_word' id='word_1_307' title='bbox 131 2541 216 2595; x_wconf 89' lang='lat' dir='ltr'><strong>los</strong></span> <span class='ocrx_word' id='word_1_308' title='bbox 246 2540 295 2593; x_wconf 88' lang='lat' dir='ltr'><strong>itt</strong></span> <span class='ocrx_word' id='word_1_309' title='bbox 327 2538 613 2607; x_wconf 81' lang='lat' dir='ltr'><strong>Evangelia</strong></span> <span class='ocrx_word' id='word_1_310' title='bbox 644 2547 764 2591; x_wconf 84' lang='lat' dir='ltr'><strong>ante</strong></span> <span class='ocrx_word' id='word_1_311' title='bbox 789 2536 1085 2606; x_wconf 87' lang='lat' dir='ltr'><strong>passionem</strong></span> <span class='ocrx_word' id='word_1_312' title='bbox 1117 2537 1432 2590; x_wconf 87' lang='lat' dir='ltr'><strong>dominicam</strong></span> <span class='ocrx_word' id='word_1_313' title='bbox 1465 2536 1687 2591; x_wconf 73' lang='lat' dir='ltr'><strong>solvisse</strong></span> 
     </span>
    </p>
   </div>
   <div class='ocr_carea' id='block_1_43' title="bbox 135 2626 1686 2698">
    <p class='ocr_par' dir='ltr' id='par_1_43' title="bbox 135 2626 1686 2698">
     <span class='ocr_line' id='line_1_43' title="bbox 135 2626 1686 2698; baseline -0.004 -13"><span class='ocrx_word' id='word_1_314' title='bbox 135 2631 439 2695; x_wconf 86' lang='lat' dir='ltr'><strong>sabbatum,</strong></span> <span class='ocrx_word' id='word_1_315' title='bbox 462 2638 516 2684; x_wconf 91' lang='lat' dir='ltr'><strong>et</strong></span> <span class='ocrx_word' id='word_1_316' title='bbox 537 2640 654 2698; x_wconf 91' lang='lat' dir='ltr'><strong>post</strong></span> <span class='ocrx_word' id='word_1_317' title='bbox 683 2627 1046 2682; x_wconf 88' lang='lat' dir='ltr'><strong>ascensionem</strong></span> <span class='ocrx_word' id='word_1_318' title='bbox 1075 2627 1302 2689; x_wconf 83' lang='lat' dir='ltr'><strong>Domini,</strong></span> <span class='ocrx_word' id='word_1_319' title='bbox 1326 2637 1375 2680; x_wconf 93' lang='lat' dir='ltr'><strong>et</strong></span> <span class='ocrx_word' id='word_1_320' title='bbox 1405 2626 1686 2682; x_wconf 78' lang='lat' dir='ltr'><strong>adventum</strong></span> 
     </span>
    </p>
   </div>
   <div class='ocr_carea' id='block_1_44' title="bbox 134 2717 1688 2791">
    <p class='ocr_par' dir='ltr' id='par_1_44' title="bbox 134 2717 1688 2791">
     <span class='ocr_line' id='line_1_44' title="bbox 134 2717 1688 2791; baseline -0.003 -15"><span class='ocrx_word' id='word_1_321' title='bbox 134 2724 365 2791; x_wconf 87' lang='lat' dir='ltr'><strong>Spiritus</strong></span> <span class='ocrx_word' id='word_1_322' title='bbox 427 2720 625 2784; x_wconf 85' lang='lat' dir='ltr'><strong>sancti,</strong></span> <span class='ocrx_word' id='word_1_323' title='bbox 679 2721 888 2789; x_wconf 79' lang='lat' dir='ltr'><strong>penitus</strong></span> <span class='ocrx_word' id='word_1_324' title='bbox 944 2719 1131 2770; x_wconf 87' lang='lat' dir='ltr'><strong>hostiis</strong></span> <span class='ocrx_word' id='word_1_325' title='bbox 1184 2717 1338 2770; x_wconf 88' lang='lat' dir='ltr'><strong>linem</strong></span> <span class='ocrx_word' id='word_1_326' title='bbox 1375 2718 1688 2786; x_wconf 86' lang='lat' dir='ltr'><strong>imposuisse</strong></span> 
     </span>
    </p>
   </div>
   <div class='ocr_carea' id='block_1_45' title="bbox 139 2807 1688 2880">
    <p class='ocr_par' dir='ltr' id='par_1_45' title="bbox 139 2807 1688 2880">
     <span class='ocr_line' id='line_1_45' title="bbox 139 2807 1688 2880; baseline -0.004 -14"><span class='ocrx_word' id='word_1_327' title='bbox 139 2813 421 2880; x_wconf 78' lang='lat' dir='ltr'><strong>legalibus,</strong></span> <span class='ocrx_word' id='word_1_328' title='bbox 453 2825 516 2863; x_wconf 89' lang='lat' dir='ltr'><strong>oc</strong></span> <span class='ocrx_word' id='word_1_329' title='bbox 545 2811 790 2876; x_wconf 55' lang='lat' dir='ltr'><strong>plu-raque</strong></span> <span class='ocrx_word' id='word_1_330' title='bbox 840 2807 967 2874; x_wconf 82' lang='lat' dir='ltr'><strong>legis</strong></span> <span class='ocrx_word' id='word_1_331' title='bbox 999 2808 1185 2859; x_wconf 66' lang='lat' dir='ltr'><strong>littera:</strong></span> <span class='ocrx_word' id='word_1_332' title='bbox 1229 2808 1436 2861; x_wconf 91' lang='lat' dir='ltr'><strong>decreta</strong></span> <span class='ocrx_word' id='word_1_333' title='bbox 1457 2821 1688 2874; x_wconf 86' lang='lat' dir='ltr'><strong>evange-</strong></span> 
     </span>
    </p>
   </div>
   <div class='ocr_carea' id='block_1_46' title="bbox 139 2895 1688 2970">
    <p class='ocr_par' dir='ltr' id='par_1_46' title="bbox 139 2895 1688 2970">
     <span class='ocr_line' id='line_1_46' title="bbox 139 2895 1688 2970; baseline -0.006 -13"><span class='ocrx_word' id='word_1_334' title='bbox 139 2905 259 2957; x_wconf 67' lang='lat' dir='ltr'><strong>licae</strong></span> <span class='ocrx_word' id='word_1_335' title='bbox 282 2904 448 2970; x_wconf 85' lang='lat' dir='ltr'><strong>gratia</strong></span> <span class='ocrx_word' id='word_1_336' title='bbox 475 2900 733 2953; x_wconf 86' lang='lat' dir='ltr'><strong>libertatis</strong></span> <span class='ocrx_word' id='word_1_337' title='bbox 755 2907 1005 2950; x_wconf 72' lang='lat' dir='ltr'><strong>mutasse.</strong></span> <span class='ocrx_word' id='word_1_338' title='bbox 1037 2895 1090 2950; x_wconf 87' lang='lat' dir='ltr'><strong>lu</strong></span> <span class='ocrx_word' id='word_1_339' title='bbox 1120 2898 1197 2948; x_wconf 87' lang='lat' dir='ltr'><strong>bis</strong></span> <span class='ocrx_word' id='word_1_340' title='bbox 1213 2912 1338 2966; x_wconf 85' lang='lat' dir='ltr'><strong>ergo</strong></span> <span class='ocrx_word' id='word_1_341' title='bbox 1357 2896 1544 2950; x_wconf 86' lang='lat' dir='ltr'><strong>lucinio</strong></span> <span class='ocrx_word' id='word_1_342' title='bbox 1568 2909 1688 2963; x_wconf 72' lang='lat' dir='ltr'><strong>qua:</strong></span> 
     </span>
    </p>
   </div>
   <div class='ocr_carea' id='block_1_47' title="bbox 135 2983 1688 3056">
    <p class='ocr_par' dir='ltr' id='par_1_47' title="bbox 135 2983 1688 3056">
     <span class='ocr_line' id='line_1_47' title="bbox 135 2983 1688 3056; baseline -0.006 -9"><span class='ocrx_word' id='word_1_343' title='bbox 135 3001 379 3047; x_wconf 84' lang='lat' dir='ltr'><strong>emuncto</strong></span> <span class='ocrx_word' id='word_1_344' title='bbox 429 2999 551 3043; x_wconf 89' lang='lat' dir='ltr'><strong>sunt</strong></span> <span class='ocrx_word' id='word_1_345' title='bbox 596 2987 1103 3056; x_wconf 84' lang='lat' dir='ltr'><strong>exstinguebantur:</strong></span> <span class='ocrx_word' id='word_1_346' title='bbox 1144 2986 1196 3039; x_wconf 90' lang='lat' dir='ltr'><strong>in</strong></span> <span class='ocrx_word' id='word_1_347' title='bbox 1228 2985 1416 3053; x_wconf 88' lang='lat' dir='ltr'><strong>quibus</strong></span> <span class='ocrx_word' id='word_1_348' title='bbox 1447 2983 1688 3038; x_wconf 77' lang='lat' dir='ltr'><strong>littei-alis</strong></span> 
     </span>
    </p>
   </div>
   <div class='ocr_carea' id='block_1_48' title="bbox 135 3075 1761 3181">
    <p class='ocr_par' dir='ltr' id='par_1_48' title="bbox 135 3075 1761 3181">
     <span class='ocr_line' id='line_1_48' title="bbox 135 3075 1761 3181; baseline -0.007 -44"><span class='ocrx_word' id='word_1_349' title='bbox 135 3083 437 3138; x_wconf 83' lang='lat' dir='ltr'><strong>observatio</strong></span> <span class='ocrx_word' id='word_1_350' title='bbox 467 3080 725 3147; x_wconf 87' lang='lat' dir='ltr'><strong>completa</strong></span> <span class='ocrx_word' id='word_1_351' title='bbox 769 3077 1043 3131; x_wconf 70' lang='lat' dir='ltr'><strong>exordium</strong></span> <span class='ocrx_word' id='word_1_352' title='bbox 1073 3076 1251 3146; x_wconf 77' lang='lat' dir='ltr'><strong>gratia:</strong></span> <span class='ocrx_word' id='word_1_353' title='bbox 1275 3076 1469 3129; x_wconf 88' lang='lat' dir='ltr'><strong>mundo</strong></span> <span class='ocrx_word' id='word_1_354' title='bbox 1493 3075 1684 3129; x_wconf 89' lang='lat' dir='ltr'><strong>clarius</strong></span> <span class='ocrx_word' id='word_1_355' title='bbox 1712 3117 1761 3181; x_wconf 67' lang='grc' dir='ltr'>ο</span> 
     </span>
    </p>
   </div>
   <div class='ocr_carea' id='block_1_49' title="bbox 137 3165 1683 3242">
    <p class='ocr_par' dir='ltr' id='par_1_49' title="bbox 137 3165 1683 3242">
     <span class='ocr_line' id='line_1_49' title="bbox 137 3165 1683 3242; baseline -0.006 -16"><span class='ocrx_word' id='word_1_356' title='bbox 137 3172 386 3242; x_wconf 81' lang='lat' dir='ltr'><strong>fulgentis</strong></span> <span class='ocrx_word' id='word_1_357' title='bbox 437 3170 690 3224; x_wconf 78' lang='lat' dir='ltr'><strong>exhibuit.</strong></span> <span class='ocrx_word' id='word_1_358' title='bbox 743 3168 868 3222; x_wconf 89' lang='lat' dir='ltr'><strong>Item</strong></span> <span class='ocrx_word' id='word_1_359' title='bbox 901 3168 1017 3236; x_wconf 88' lang='lat' dir='ltr'><strong>quia</strong></span> <span class='ocrx_word' id='word_1_360' title='bbox 1049 3169 1190 3219; x_wconf 83' lang='lat' dir='ltr'><strong>linito</strong></span> <span class='ocrx_word' id='word_1_361' title='bbox 1222 3165 1450 3232; x_wconf 83' lang='lat' dir='ltr'><strong>mortali,</strong></span> <span class='ocrx_word' id='word_1_362' title='bbox 1483 3173 1536 3218; x_wconf 90' lang='lat' dir='ltr'><strong>et</strong></span> <span class='ocrx_word' id='word_1_363' title='bbox 1562 3177 1683 3217; x_wconf 79' lang='lat' dir='ltr'><strong>suc-</strong></span> 
     </span>
    </p>
   </div>
   <div class='ocr_carea' id='block_1_50' title="bbox 137 3257 1688 3324">
    <p class='ocr_par' dir='ltr' id='par_1_50' title="bbox 137 3257 1688 3324">
     <span class='ocr_line' id='line_1_50' title="bbox 137 3257 1688 3324; baseline -0.006 -6"><span class='ocrx_word' id='word_1_364' title='bbox 137 3263 362 3318; x_wconf 87' lang='lat' dir='ltr'><strong>cedente</strong></span> <span class='ocrx_word' id='word_1_365' title='bbox 396 3262 498 3314; x_wconf 87' lang='lat' dir='ltr'><strong>vita</strong></span> <span class='ocrx_word' id='word_1_366' title='bbox 532 3258 837 3323; x_wconf 88' lang='lat' dir='ltr'><strong>immortali,</strong></span> <span class='ocrx_word' id='word_1_367' title='bbox 861 3261 1144 3310; x_wconf 89' lang='lat' dir='ltr'><strong>cessabunt</strong></span> <span class='ocrx_word' id='word_1_368' title='bbox 1183 3257 1408 3311; x_wconf 79' lang='lat' dir='ltr'><strong>tnaxima</strong></span> <span class='ocrx_word' id='word_1_369' title='bbox 1443 3270 1509 3309; x_wconf 82' lang='lat' dir='ltr'><strong>ex</strong></span> <span class='ocrx_word' id='word_1_370' title='bbox 1542 3267 1688 3324; x_wconf 84' lang='lat' dir='ltr'><strong>parte</strong></span> 
     </span>
    </p>
   </div>
   <div class='ocr_carea' id='block_1_51' title="bbox 137 3346 1692 3420">
    <p class='ocr_par' dir='ltr' id='par_1_51' title="bbox 137 3346 1692 3420">
     <span class='ocr_line' id='line_1_51' title="bbox 137 3346 1692 3420; baseline -0.004 -16"><span class='ocrx_word' id='word_1_371' title='bbox 137 3366 303 3420; x_wconf 88' lang='lat' dir='ltr'><strong>opera</strong></span> <span class='ocrx_word' id='word_1_372' title='bbox 356 3350 440 3404; x_wconf 91' lang='lat' dir='ltr'><strong>vel</strong></span> <span class='ocrx_word' id='word_1_373' title='bbox 485 3349 620 3403; x_wconf 91' lang='lat' dir='ltr'><strong>dona</strong></span> <span class='ocrx_word' id='word_1_374' title='bbox 660 3348 808 3410; x_wconf 86' lang='lat' dir='ltr'><strong>lucis,</strong></span> <span class='ocrx_word' id='word_1_375' title='bbox 871 3346 1058 3414; x_wconf 87' lang='lat' dir='ltr'><strong>quibus</strong></span> <span class='ocrx_word' id='word_1_376' title='bbox 1110 3362 1248 3399; x_wconf 88' lang='lat' dir='ltr'><strong>nunc</strong></span> <span class='ocrx_word' id='word_1_377' title='bbox 1281 3347 1497 3412; x_wconf 90' lang='lat' dir='ltr'><strong>utimur,</strong></span> <span class='ocrx_word' id='word_1_378' title='bbox 1527 3355 1583 3396; x_wconf 91' lang='lat' dir='ltr'><strong>ut</strong></span> <span class='ocrx_word' id='word_1_379' title='bbox 1610 3360 1692 3398; x_wconf 81' lang='lat' dir='ltr'><strong>se-</strong></span> 
     </span>
    </p>
   </div>
   <div class='ocr_carea' id='block_1_52' title="bbox 139 3436 1693 3512">
    <p class='ocr_par' dir='ltr' id='par_1_52' title="bbox 139 3436 1693 3512">
     <span class='ocr_line' id='line_1_52' title="bbox 139 3436 1693 3512; baseline -0.005 -20"><span class='ocrx_word' id='word_1_380' title='bbox 139 3454 370 3512; x_wconf 80' lang='lat' dir='ltr'><strong>quatitur</strong></span> <span class='ocrx_word' id='word_1_381' title='bbox 411 3452 620 3494; x_wconf 64' lang='lat' dir='ltr'><strong>aeternae</strong></span> <span class='ocrx_word' id='word_1_382' title='bbox 670 3438 882 3506; x_wconf 72' lang='lat' dir='ltr'><strong>prazmia</strong></span> <span class='ocrx_word' id='word_1_383' title='bbox 934 3437 1066 3490; x_wconf 78' lang='lat' dir='ltr'><strong>lucis</strong></span> <span class='ocrx_word' id='word_1_384' title='bbox 1097 3439 1146 3490; x_wconf 91' lang='lat' dir='ltr'><strong>in</strong></span> <span class='ocrx_word' id='word_1_385' title='bbox 1178 3437 1458 3505; x_wconf 67' lang='lat' dir='ltr'><strong>prmsentia</strong></span> <span class='ocrx_word' id='word_1_386' title='bbox 1502 3436 1693 3488; x_wconf 68' lang='lat' dir='ltr'><strong>divinae</strong></span> 
     </span>
    </p>
   </div>
   <div class='ocr_carea' id='block_1_53' title="bbox 142 3525 1697 3598">
    <p class='ocr_par' dir='ltr' id='par_1_53' title="bbox 142 3525 1697 3598">
     <span class='ocr_line' id='line_1_53' title="bbox 142 3525 1697 3598; baseline -0.007 -13"><span class='ocrx_word' id='word_1_387' title='bbox 142 3533 382 3587; x_wconf 87' lang='lat' dir='ltr'><strong>visionis.</strong></span> <span class='ocrx_word' id='word_1_388' title='bbox 427 3531 512 3584; x_wconf 78' lang='lat' dir='ltr'><strong>Illo</strong></span> <span class='ocrx_word' id='word_1_389' title='bbox 555 3529 941 3598; x_wconf 88' lang='lat' dir='ltr'><strong>Scripturorutn</strong></span> <span class='ocrx_word' id='word_1_390' title='bbox 972 3527 1294 3591; x_wconf 80' lang='lat' dir='ltr'><strong>testimonia,</strong></span> <span class='ocrx_word' id='word_1_391' title='bbox 1323 3541 1440 3592; x_wconf 80' lang='lat' dir='ltr'><strong>quo:</strong></span> <span class='ocrx_word' id='word_1_392' title='bbox 1470 3525 1582 3577; x_wconf 74' lang='lat' dir='ltr'><strong>inec</strong></span> <span class='ocrx_word' id='word_1_393' title='bbox 1615 3525 1697 3575; x_wconf 88' lang='lat' dir='ltr'><strong>fu-</strong></span> 
     </span>
    </p>
   </div>
   <div class='ocr_carea' id='block_1_54' title="bbox 103 3617 1691 3680">
    <p class='ocr_par' dir='ltr' id='par_1_54' title="bbox 103 3617 1691 3680">
     <span class='ocr_line' id='line_1_54' title="bbox 103 3617 1691 3680; baseline -0.009 -2"><span class='ocrx_word' id='word_1_394' title='bbox 103 3629 262 3678; x_wconf 29' lang='lat' dir='ltr'><strong>r‘tura</strong></span> <span class='ocrx_word' id='word_1_395' title='bbox 296 3637 416 3676; x_wconf 90' lang='lat' dir='ltr'><strong>esse</strong></span> <span class='ocrx_word' id='word_1_396' title='bbox 451 3630 728 3680; x_wconf 90' lang='lat' dir='ltr'><strong>testantur,</strong></span> <span class='ocrx_word' id='word_1_397' title='bbox 752 3617 1080 3671; x_wconf 86' lang='lat' dir='ltr'><strong>emunctoria</strong></span> <span class='ocrx_word' id='word_1_398' title='bbox 1106 3617 1348 3667; x_wconf 91' lang='lat' dir='ltr'><strong>nimirum</strong></span> <span class='ocrx_word' id='word_1_399' title='bbox 1373 3624 1691 3675; x_wconf 88' lang='lat' dir='ltr'><strong>suntanreo,</strong></span> 
     </span>
    </p>
   </div>
   <div class='ocr_carea' id='block_1_55' title="bbox 126 3697 1691 3781">
    <p class='ocr_par' dir='ltr' id='par_1_55' title="bbox 126 3697 1691 3781">
     <span class='ocr_line' id='line_1_55' title="bbox 126 3697 1691 3781; baseline -0.009 -16"><span class='ocrx_word' id='word_1_400' title='bbox 126 3697 269 3781; x_wconf 70' lang='lat' dir='ltr'><strong>qua:</strong></span> <span class='ocrx_word' id='word_1_401' title='bbox 298 3725 390 3777; x_wconf 87' lang='lat' dir='ltr'><strong>spe</strong></span> <span class='ocrx_word' id='word_1_402' title='bbox 423 3711 608 3763; x_wconf 72' lang='lat' dir='ltr'><strong>futura:</strong></span> <span class='ocrx_word' id='word_1_403' title='bbox 638 3706 891 3761; x_wconf 81' lang='lat' dir='ltr'><strong>claritatis</strong></span> <span class='ocrx_word' id='word_1_404' title='bbox 948 3705 1168 3756; x_wconf 77' lang='lat' dir='ltr'><strong>eximia.</strong></span> <span class='ocrx_word' id='word_1_405' title='bbox 1221 3703 1353 3755; x_wconf 67' lang='lat' dir='ltr'><strong>Vasa</strong></span> <span class='ocrx_word' id='word_1_406' title='bbox 1403 3716 1610 3770; x_wconf 90' lang='lat' dir='ltr'><strong>quoque</strong></span> <span class='ocrx_word' id='word_1_407' title='bbox 1643 3702 1691 3752; x_wconf 91' lang='lat' dir='ltr'><strong>in</strong></span> 
     </span>
    </p>
   </div>
   <div class='ocr_carea' id='block_1_56' title="bbox 144 3795 1694 3874">
    <p class='ocr_par' dir='ltr' id='par_1_56' title="bbox 144 3795 1694 3874">
     <span class='ocr_line' id='line_1_56' title="bbox 144 3795 1694 3874; baseline -0.007 -18"><span class='ocrx_word' id='word_1_408' title='bbox 144 3804 338 3874; x_wconf 88' lang='lat' dir='ltr'><strong>quibus</strong></span> <span class='ocrx_word' id='word_1_409' title='bbox 368 3817 428 3855; x_wconf 88' lang='lat' dir='ltr'><strong>ea</strong></span> <span class='ocrx_word' id='word_1_410' title='bbox 459 3815 576 3869; x_wconf 71' lang='lat' dir='ltr'><strong>qua:</strong></span> <span class='ocrx_word' id='word_1_411' title='bbox 605 3807 844 3853; x_wconf 89' lang='lat' dir='ltr'><strong>emuncto</strong></span> <span class='ocrx_word' id='word_1_412' title='bbox 878 3807 1000 3850; x_wconf 90' lang='lat' dir='ltr'><strong>sunt</strong></span> <span class='ocrx_word' id='word_1_413' title='bbox 1030 3795 1452 3864; x_wconf 78' lang='lat' dir='ltr'><strong>exstinguuntur,</strong></span> <span class='ocrx_word' id='word_1_414' title='bbox 1478 3808 1694 3862; x_wconf 80' lang='lat' dir='ltr'><strong>corpmo</strong></span> 
     </span>
    </p>
   </div>
   <div class='ocr_carea' id='block_1_57' title="bbox 150 3887 1695 3962">
    <p class='ocr_par' dir='ltr' id='par_1_57' title="bbox 150 3887 1695 3962">
     <span class='ocr_line' id='line_1_57' title="bbox 150 3887 1695 3962; baseline -0.006 -14"><span class='ocrx_word' id='word_1_415' title='bbox 150 3897 333 3962; x_wconf 84' lang='lat' dir='ltr'><strong>utique</strong></span> <span class='ocrx_word' id='word_1_416' title='bbox 376 3901 517 3955; x_wconf 89' lang='lat' dir='ltr'><strong>sunt,</strong></span> <span class='ocrx_word' id='word_1_417' title='bbox 543 3901 591 3946; x_wconf 86' lang='lat' dir='ltr'><strong>et</strong></span> <span class='ocrx_word' id='word_1_418' title='bbox 623 3892 782 3951; x_wconf 88' lang='lat' dir='ltr'><strong>corda</strong></span> <span class='ocrx_word' id='word_1_419' title='bbox 813 3889 1044 3942; x_wconf 89' lang='lat' dir='ltr'><strong>omnium</strong></span> <span class='ocrx_word' id='word_1_420' title='bbox 1071 3890 1333 3957; x_wconf 87' lang='lat' dir='ltr'><strong>justorum</strong></span> <span class='ocrx_word' id='word_1_421' title='bbox 1358 3887 1695 3941; x_wconf 62' lang='lat' dir='ltr'><strong>in&#39;nnortalia.</strong></span> 
     </span>
    </p>
   </div>
   <div class='ocr_carea' id='block_1_58' title="bbox 150 3980 1696 4046">
    <p class='ocr_par' dir='ltr' id='par_1_58' title="bbox 150 3980 1696 4046">
     <span class='ocr_line' id='line_1_58' title="bbox 150 3980 1696 4046; baseline -0.005 -8"><span class='ocrx_word' id='word_1_422' title='bbox 150 3987 215 4039; x_wconf 87' lang='lat' dir='ltr'><strong>Et</strong></span> <span class='ocrx_word' id='word_1_423' title='bbox 243 3985 360 4038; x_wconf 84' lang='lat' dir='ltr'><strong>ideo</strong></span> <span class='ocrx_word' id='word_1_424' title='bbox 390 3984 682 4038; x_wconf 65' lang='lat' dir='ltr'><strong>rectissime</strong></span> <span class='ocrx_word' id='word_1_425' title='bbox 712 3997 840 4035; x_wconf 91' lang='lat' dir='ltr'><strong>auro</strong></span> <span class='ocrx_word' id='word_1_426' title='bbox 893 3981 1206 4046; x_wconf 82' lang='lat' dir='ltr'><strong>assimilata,</strong></span> <span class='ocrx_word' id='word_1_427' title='bbox 1256 3981 1308 4034; x_wconf 91' lang='lat' dir='ltr'><strong>in</strong></span> <span class='ocrx_word' id='word_1_428' title='bbox 1357 3980 1549 4046; x_wconf 86' lang='lat' dir='ltr'><strong>quibus</strong></span> <span class='ocrx_word' id='word_1_429' title='bbox 1603 3994 1696 4033; x_wconf 82' lang='lat' dir='ltr'><strong>ex-</strong></span> 
     </span>
    </p>
   </div>
   <div class='ocr_carea' id='block_1_59' title="bbox 148 4069 1699 4144">
    <p class='ocr_par' dir='ltr' id='par_1_59' title="bbox 148 4069 1699 4144">
     <span class='ocr_line' id='line_1_59' title="bbox 148 4069 1699 4144; baseline -0.005 -16"><span class='ocrx_word' id='word_1_430' title='bbox 148 4075 475 4144; x_wconf 85' lang='lat' dir='ltr'><strong>optatissima</strong></span> <span class='ocrx_word' id='word_1_431' title='bbox 509 4076 618 4128; x_wconf 79' lang='lat' dir='ltr'><strong>llI&#39;C</strong></span> <span class='ocrx_word' id='word_1_432' title='bbox 657 4074 952 4126; x_wconf 87' lang='lat' dir='ltr'><strong>itmnutatio</strong></span> <span class='ocrx_word' id='word_1_433' title='bbox 994 4074 1101 4137; x_wconf 84' lang='lat' dir='ltr'><strong>lict,</strong></span> <span class='ocrx_word' id='word_1_434' title='bbox 1133 4081 1186 4126; x_wconf 91' lang='lat' dir='ltr'><strong>ut</strong></span> <span class='ocrx_word' id='word_1_435' title='bbox 1230 4082 1348 4140; x_wconf 86' lang='lat' dir='ltr'><strong>post</strong></span> <span class='ocrx_word' id='word_1_436' title='bbox 1393 4069 1699 4138; x_wconf 87' lang='lat' dir='ltr'><strong>temporalia</strong></span> 
     </span>
    </p>
   </div>
   <div class='ocr_carea' id='block_1_60' title="bbox 153 4164 1704 4232">
    <p class='ocr_par' dir='ltr' id='par_1_60' title="bbox 153 4164 1704 4232">
     <span class='ocr_line' id='line_1_60' title="bbox 153 4164 1704 4232; baseline -0.005 -14"><span class='ocrx_word' id='word_1_437' title='bbox 153 4166 245 4218; x_wconf 80' lang='lat' dir='ltr'><strong>Dei</strong></span> <span class='ocrx_word' id='word_1_438' title='bbox 295 4164 545 4219; x_wconf 86' lang='lat' dir='ltr'><strong>benelicia</strong></span> <span class='ocrx_word' id='word_1_439' title='bbox 575 4164 637 4217; x_wconf 90' lang='lat' dir='ltr'><strong>ad</strong></span> <span class='ocrx_word' id='word_1_440' title='bbox 669 4173 864 4218; x_wconf 68' lang='lat' dir='ltr'><strong>aeterna</strong></span> <span class='ocrx_word' id='word_1_441' title='bbox 924 4165 1248 4231; x_wconf 87' lang='lat' dir='ltr'><strong>perveniant.</strong></span> <span class='ocrx_word' id='word_1_442' title='bbox 1284 4164 1512 4232; x_wconf 87' lang='lat' dir='ltr'><strong>Denique</strong></span> <span class='ocrx_word' id='word_1_443' title='bbox 1563 4164 1704 4227; x_wconf 73' lang='lat' dir='ltr'><strong>Apo-</strong></span> 
     </span>
    </p>
   </div>
   <div class='ocr_carea' id='block_1_61' title="bbox 151 4250 1699 4313">
    <p class='ocr_par' dir='ltr' id='par_1_61' title="bbox 151 4250 1699 4313">
     <span class='ocr_line' id='line_1_61' title="bbox 151 4250 1699 4313; baseline -0.005 -5"><span class='ocrx_word' id='word_1_444' title='bbox 151 4253 319 4308; x_wconf 78' lang='lat' dir='ltr'><strong>Stobis</strong></span> <span class='ocrx_word' id='word_1_445' title='bbox 373 4253 697 4306; x_wconf 86' lang='lat' dir='ltr'><strong>emunctoria</strong></span> <span class='ocrx_word' id='word_1_446' title='bbox 757 4251 907 4304; x_wconf 87' lang='lat' dir='ltr'><strong>nobis</strong></span> <span class='ocrx_word' id='word_1_447' title='bbox 958 4251 1292 4304; x_wconf 82' lang='lat' dir='ltr'><strong>lucernarum</strong></span> <span class='ocrx_word' id='word_1_448' title='bbox 1345 4252 1458 4313; x_wconf 88' lang='lat' dir='ltr'><strong>Dei,</strong></span> <span class='ocrx_word' id='word_1_449' title='bbox 1501 4259 1552 4302; x_wconf 90' lang='lat' dir='ltr'><strong>et</strong></span> <span class='ocrx_word' id='word_1_450' title='bbox 1585 4250 1699 4302; x_wconf 89' lang='lat' dir='ltr'><strong>loco</strong></span> 
     </span>
    </p>
   </div>
   <div class='ocr_carea' id='block_1_62' title="bbox 155 4343 1695 4412">
    <p class='ocr_par' dir='ltr' id='par_1_62' title="bbox 155 4343 1695 4412">
     <span class='ocr_line' id='line_1_62' title="bbox 155 4343 1695 4412; baseline -0.003 -16"><span class='ocrx_word' id='word_1_451' title='bbox 155 4345 243 4397; x_wconf 91' lang='lat' dir='ltr'><strong>ubi</strong></span> <span class='ocrx_word' id='word_1_452' title='bbox 271 4358 331 4396; x_wconf 88' lang='lat' dir='ltr'><strong>ea</strong></span> <span class='ocrx_word' id='word_1_453' title='bbox 356 4359 469 4412; x_wconf 59' lang='lat' dir='ltr'><strong>quo!</strong></span> <span class='ocrx_word' id='word_1_454' title='bbox 494 4351 736 4398; x_wconf 88' lang='lat' dir='ltr'><strong>emuncto</strong></span> <span class='ocrx_word' id='word_1_455' title='bbox 769 4352 890 4394; x_wconf 82' lang='lat' dir='ltr'><strong>sunt</strong></span> <span class='ocrx_word' id='word_1_456' title='bbox 917 4343 1334 4410; x_wconf 77' lang='lat' dir='ltr'><strong>exstinguuntur,</strong></span> <span class='ocrx_word' id='word_1_457' title='bbox 1367 4356 1524 4394; x_wconf 89' lang='lat' dir='ltr'><strong>aurea</strong></span> <span class='ocrx_word' id='word_1_458' title='bbox 1560 4355 1695 4406; x_wconf 66' lang='lat' dir='ltr'><strong>prir-</strong></span> 
     </span>
    </p>
   </div>
   <div class='ocr_carea' id='block_1_63' title="bbox 154 4432 1696 4498">
    <p class='ocr_par' dir='ltr' id='par_1_63' title="bbox 154 4432 1696 4498">
     <span class='ocr_line' id='line_1_63' title="bbox 154 4432 1696 4498; baseline -0.005 -11"><span class='ocrx_word' id='word_1_459' title='bbox 154 4435 264 4496; x_wconf 89' lang='lat' dir='ltr'><strong>bet,</strong></span> <span class='ocrx_word' id='word_1_460' title='bbox 311 4448 426 4485; x_wconf 91' lang='lat' dir='ltr'><strong>cum</strong></span> <span class='ocrx_word' id='word_1_461' title='bbox 479 4433 544 4486; x_wconf 90' lang='lat' dir='ltr'><strong>de</strong></span> <span class='ocrx_word' id='word_1_462' title='bbox 593 4432 885 4484; x_wconf 68' lang='lat' dir='ltr'><strong>differentia</strong></span> <span class='ocrx_word' id='word_1_463' title='bbox 930 4435 1264 4498; x_wconf 79' lang='lat' dir='ltr'><strong>praesentium</strong></span> <span class='ocrx_word' id='word_1_464' title='bbox 1314 4440 1364 4483; x_wconf 90' lang='lat' dir='ltr'><strong>et</strong></span> <span class='ocrx_word' id='word_1_465' title='bbox 1402 4433 1696 4483; x_wconf 77' lang='lat' dir='ltr'><strong>futurorum</strong></span> 
     </span>
    </p>
   </div>
   <div class='ocr_carea' id='block_1_64' title="bbox 156 4515 1701 4592">
    <p class='ocr_par' dir='ltr' id='par_1_64' title="bbox 156 4515 1701 4592">
     <span class='ocr_line' id='line_1_64' title="bbox 156 4515 1701 4592; baseline -0.003 -15"><span class='ocrx_word' id='word_1_466' title='bbox 156 4525 414 4577; x_wconf 88' lang='lat' dir='ltr'><strong>bonorum</strong></span> <span class='ocrx_word' id='word_1_467' title='bbox 441 4525 684 4590; x_wconf 84' lang='lat' dir='ltr'><strong>loquitur,</strong></span> <span class='ocrx_word' id='word_1_468' title='bbox 707 4523 885 4576; x_wconf 91' lang='lat' dir='ltr'><strong>dicens</strong></span> <span class='ocrx_word' id='word_1_469' title='bbox 910 4541 920 4573; x_wconf 91' lang='lat'>:</span> <span class='ocrx_word' id='word_1_470' title='bbox 948 4521 1064 4577; x_wconf 80' lang='lat' dir='ltr'><strong>Sive</strong></span> <span class='ocrx_word' id='word_1_471' title='bbox 1091 4521 1364 4592; x_wconf 70' lang='lat' dir='ltr'><strong>prophetia:</strong></span> <span class='ocrx_word' id='word_1_472' title='bbox 1389 4515 1701 4582; x_wconf 59' lang='lat' dir='ltr'><strong>concitaban-</strong></span> 
     </span>
    </p>
   </div>
   <div class='ocr_carea' id='block_1_65' title="bbox 158 4613 1704 4680">
    <p class='ocr_par' dir='ltr' id='par_1_65' title="bbox 158 4613 1704 4680">
     <span class='ocr_line' id='line_1_65' title="bbox 158 4613 1704 4680; baseline -0.001 -16"><span class='ocrx_word' id='word_1_473' title='bbox 158 4625 265 4677; x_wconf 84' lang='lat' dir='ltr'><strong>tur,</strong></span> <span class='ocrx_word' id='word_1_474' title='bbox 293 4613 392 4664; x_wconf 84' lang='lat' dir='ltr'><strong>sive</strong></span> <span class='ocrx_word' id='word_1_475' title='bbox 416 4613 602 4680; x_wconf 73' lang='lat' dir='ltr'><strong>lingua:</strong></span> <span class='ocrx_word' id='word_1_476' title='bbox 630 4615 886 4664; x_wconf 81' lang='lat' dir='ltr'><strong>cessabunt</strong></span> <span class='ocrx_word' id='word_1_477' title='bbox 905 4654 920 4676; x_wconf 89' lang='lat'><strong>,</strong></span> <span class='ocrx_word' id='word_1_478' title='bbox 950 4619 1048 4665; x_wconf 85' lang='lat' dir='ltr'><strong>sive</strong></span> <span class='ocrx_word' id='word_1_479' title='bbox 1076 4615 1279 4666; x_wconf 79' lang='lat' dir='ltr'><strong>scientia</strong></span> <span class='ocrx_word' id='word_1_480' title='bbox 1302 4614 1616 4680; x_wconf 73' lang='lat' dir='ltr'><strong>destruetur;</strong></span> <span class='ocrx_word' id='word_1_481' title='bbox 1643 4627 1704 4662; x_wconf 77' lang='lat' dir='ltr'><strong>ea:</strong></span> 
     </span>
    </p>
   </div>
   <div class='ocr_carea' id='block_1_66' title="bbox 156 4679 1701 4770">
    <p class='ocr_par' dir='ltr' id='par_1_66' title="bbox 156 4697 1701 4770">
     <span class='ocr_line' id='line_1_66' title="bbox 156 4697 1701 4770; baseline -0.003 -16"><span class='ocrx_word' id='word_1_482' title='bbox 156 4709 298 4770; x_wconf 80' lang='lat' dir='ltr'><strong>parte</strong></span> <span class='ocrx_word' id='word_1_483' title='bbox 325 4701 450 4752; x_wconf 84' lang='lat' dir='ltr'><strong>enim</strong></span> <span class='ocrx_word' id='word_1_484' title='bbox 476 4703 837 4769; x_wconf 85' lang='lat' dir='ltr'><strong>cognoscimus,</strong></span> <span class='ocrx_word' id='word_1_485' title='bbox 861 4711 907 4753; x_wconf 88' lang='lat' dir='ltr'><strong>et</strong></span> <span class='ocrx_word' id='word_1_486' title='bbox 929 4716 990 4752; x_wconf 78' lang='lat' dir='ltr'><strong>ex</strong></span> <span class='ocrx_word' id='word_1_487' title='bbox 1014 4712 1153 4767; x_wconf 83' lang='lat' dir='ltr'><strong>parte</strong></span> <span class='ocrx_word' id='word_1_488' title='bbox 1180 4702 1553 4766; x_wconf 68' lang='lat' dir='ltr'><strong>prophetatum.</strong></span> <span class='ocrx_word' id='word_1_489' title='bbox 1577 4697 1701 4750; x_wconf 85' lang='lat' dir='ltr'><strong>Cum</strong></span> 
     </span>
    </p>
   </div>
   <div class='ocr_carea' id='block_1_67' title="bbox 154 4787 1705 4857">
    <p class='ocr_par' dir='ltr' id='par_1_67' title="bbox 154 4787 1705 4857">
     <span class='ocr_line' id='line_1_67' title="bbox 154 4787 1705 4857; baseline -0.003 -14"><span class='ocrx_word' id='word_1_490' title='bbox 154 4801 318 4843; x_wconf 87' lang='lat' dir='ltr'><strong>autent</strong></span> <span class='ocrx_word' id='word_1_491' title='bbox 346 4790 526 4842; x_wconf 79' lang='lat' dir='ltr'><strong>venerit</strong></span> <span class='ocrx_word' id='word_1_492' title='bbox 553 4789 686 4857; x_wconf 74' lang='lat' dir='ltr'><strong>quod</strong></span> <span class='ocrx_word' id='word_1_493' title='bbox 720 4793 988 4856; x_wconf 74' lang='lat' dir='ltr'><strong>perfectum</strong></span> <span class='ocrx_word' id='word_1_494' title='bbox 1016 4798 1106 4848; x_wconf 87' lang='lat' dir='ltr'><strong>est,</strong></span> <span class='ocrx_word' id='word_1_495' title='bbox 1137 4787 1452 4838; x_wconf 60' lang='lat' dir='ltr'><strong>evacuabitur</strong></span> <span class='ocrx_word' id='word_1_496' title='bbox 1477 4788 1615 4855; x_wconf 83' lang='lat' dir='ltr'><strong>quod</strong></span> <span class='ocrx_word' id='word_1_497' title='bbox 1643 4804 1705 4839; x_wconf 73' lang='lat' dir='ltr'><strong>ex</strong></span> 
     </span>
    </p>
   </div>
   <div class='ocr_carea' id='block_1_68' title="bbox 157 4876 1700 4951">
    <p class='ocr_par' dir='ltr' id='par_1_68' title="bbox 157 4876 1700 4951">
     <span class='ocr_line' id='line_1_68' title="bbox 157 4876 1700 4951; baseline -0.002 -18"><span class='ocrx_word' id='word_1_498' title='bbox 157 4892 298 4951; x_wconf 82' lang='lat' dir='ltr'><strong>parte</strong></span> <span class='ocrx_word' id='word_1_499' title='bbox 323 4890 414 4932; x_wconf 80' lang='lat' dir='ltr'><strong>cst.</strong></span> <span class='ocrx_word' id='word_1_500' title='bbox 446 4879 506 4932; x_wconf 85' lang='lat' dir='ltr'><strong>Et</strong></span> <span class='ocrx_word' id='word_1_501' title='bbox 534 4881 686 4947; x_wconf 84' lang='lat' dir='ltr'><strong>paulo</strong></span> <span class='ocrx_word' id='word_1_502' title='bbox 714 4888 826 4944; x_wconf 86' lang='lat' dir='ltr'><strong>post</strong></span> <span class='ocrx_word' id='word_1_503' title='bbox 858 4894 870 4929; x_wconf 91' lang='lat'><strong>:</strong></span> <span class='ocrx_word' id='word_1_504' title='bbox 912 4876 1146 4929; x_wconf 83' lang='lat' dir='ltr'><strong>Videmus</strong></span> <span class='ocrx_word' id='word_1_505' title='bbox 1176 4893 1304 4929; x_wconf 83' lang='lat' dir='ltr'><strong>nunc</strong></span> <span class='ocrx_word' id='word_1_506' title='bbox 1334 4894 1419 4942; x_wconf 78' lang='lat' dir='ltr'><strong>per</strong></span> <span class='ocrx_word' id='word_1_507' title='bbox 1445 4881 1700 4943; x_wconf 87' lang='lat' dir='ltr'><strong>speculum</strong></span> 
     </span>
    </p>
   </div>
   <div class='ocr_carea' id='block_1_69' title="bbox 156 4966 1700 5037">
    <p class='ocr_par' dir='ltr' id='par_1_69' title="bbox 156 4966 1700 5037">
     <span class='ocr_line' id='line_1_69' title="bbox 156 4966 1700 5037; baseline -0.003 -14"><span class='ocrx_word' id='word_1_508' title='bbox 156 4974 208 5023; x_wconf 87' lang='lat' dir='ltr'><strong>in</strong></span> <span class='ocrx_word' id='word_1_509' title='bbox 246 4972 531 5037; x_wconf 71' lang='lat' dir='ltr'><strong>tertigtitate,</strong></span> <span class='ocrx_word' id='word_1_510' title='bbox 572 4981 687 5020; x_wconf 88' lang='lat' dir='ltr'><strong>tunc</strong></span> <span class='ocrx_word' id='word_1_511' title='bbox 724 4979 883 5019; x_wconf 69' lang='lat' dir='ltr'><strong>autem</strong></span> <span class='ocrx_word' id='word_1_512' title='bbox 921 4969 1049 5036; x_wconf 76' lang='lat' dir='ltr'><strong>facie</strong></span> <span class='ocrx_word' id='word_1_513' title='bbox 1085 4970 1150 5019; x_wconf 85' lang='lat' dir='ltr'><strong>ad</strong></span> <span class='ocrx_word' id='word_1_514' title='bbox 1189 4969 1386 5035; x_wconf 66' lang='lat' dir='ltr'><strong>(aciem.</strong></span> <span class='ocrx_word' id='word_1_515' title='bbox 1432 4966 1581 5018; x_wconf 69' lang='lat' dir='ltr'><strong>Nunc</strong></span> <span class='ocrx_word' id='word_1_516' title='bbox 1619 4984 1700 5019; x_wconf 51' lang='lat' dir='ltr'><strong>co.</strong></span> 
     </span>
    </p>
   </div>
   <div class='ocr_carea' id='block_1_70' title="bbox 157 5062 1703 5133">
    <p class='ocr_par' dir='ltr' id='par_1_70' title="bbox 157 5062 1703 5133">
     <span class='ocr_line' id='line_1_70' title="bbox 157 5062 1703 5133; baseline -0.002 -19"><span class='ocrx_word' id='word_1_517' title='bbox 157 5081 338 5133; x_wconf 81' lang='lat' dir='ltr'><strong>grtosco</strong></span> <span class='ocrx_word' id='word_1_518' title='bbox 366 5081 425 5116; x_wconf 73' lang='lat' dir='ltr'><strong>ex</strong></span> <span class='ocrx_word' id='word_1_519' title='bbox 453 5080 591 5132; x_wconf 73' lang='lat' dir='ltr'><strong>parte</strong></span> <span class='ocrx_word' id='word_1_520' title='bbox 610 5104 624 5125; x_wconf 92' lang='lat'><strong>,</strong></span> <span class='ocrx_word' id='word_1_521' title='bbox 659 5073 773 5114; x_wconf 86' lang='lat' dir='ltr'><strong>tunc</strong></span> <span class='ocrx_word' id='word_1_522' title='bbox 801 5071 964 5113; x_wconf 80' lang='lat' dir='ltr'><strong>autem</strong></span> <span class='ocrx_word' id='word_1_523' title='bbox 990 5077 1281 5128; x_wconf 81' lang='lat' dir='ltr'><strong>Cognoscum</strong></span> <span class='ocrx_word' id='word_1_524' title='bbox 1308 5062 1430 5111; x_wconf 76' lang='lat' dir='ltr'><strong>sicui</strong></span> <span class='ocrx_word' id='word_1_525' title='bbox 1460 5069 1506 5110; x_wconf 85' lang='lat' dir='ltr'><strong>ct</strong></span> <span class='ocrx_word' id='word_1_526' title='bbox 1534 5065 1703 5129; x_wconf 70' lang='lat' dir='ltr'><strong>mgni-</strong></span> 
     </span>
    </p>
   </div>
   <div class='ocr_carea' id='block_1_71' title="bbox 159 5153 768 5222">
    <p class='ocr_par' dir='ltr' id='par_1_71' title="bbox 159 5153 768 5222">
     <span class='ocr_line' id='line_1_71' title="bbox 159 5153 768 5222; baseline -0.002 -16"><span class='ocrx_word' id='word_1_527' title='bbox 159 5166 236 5206; x_wconf 84' lang='lat' dir='ltr'><strong>tus</strong></span> <span class='ocrx_word' id='word_1_528' title='bbox 263 5171 374 5205; x_wconf 87' lang='lat' dir='ltr'><strong>sum</strong></span> <span class='ocrx_word' id='word_1_529' title='bbox 403 5153 452 5222; x_wconf 66' lang='lat' dir='ltr'><strong>tl</strong></span> <span class='ocrx_word' id='word_1_530' title='bbox 482 5154 596 5206; x_wconf 83' lang='lat' dir='ltr'><strong>Cor.</strong></span> <span class='ocrx_word' id='word_1_531' title='bbox 633 5156 768 5220; x_wconf 83' lang='lat' dir='ltr'><strong>xm).</strong></span> 
     </span>
    </p>
   </div>
   <div class='ocr_carea' id='block_1_72' title="bbox 234 5236 1704 5309">
    <p class='ocr_par' dir='ltr' id='par_1_72' title="bbox 234 5236 1704 5309">
     <span class='ocr_line' id='line_1_72' title="bbox 234 5236 1704 5309; baseline -0.005 -12"><span class='ocrx_word' id='word_1_532' title='bbox 234 5246 389 5297; x_wconf 79' lang='lat' dir='ltr'><strong>Omne</strong></span> <span class='ocrx_word' id='word_1_533' title='bbox 429 5247 623 5309; x_wconf 82' lang='lat' dir='ltr'><strong>pondus</strong></span> <span class='ocrx_word' id='word_1_534' title='bbox 661 5242 1012 5295; x_wconf 85' lang='lat' dir='ltr'><strong>candelabri...</strong></span> <span class='ocrx_word' id='word_1_535' title='bbox 1053 5241 1291 5294; x_wconf 80' lang='lat' dir='ltr'><strong>talentum</strong></span> <span class='ocrx_word' id='word_1_536' title='bbox 1329 5241 1443 5292; x_wconf 84' lang='lat' dir='ltr'><strong>auri</strong></span> <span class='ocrx_word' id='word_1_537' title='bbox 1479 5236 1704 5291; x_wconf 80' lang='lat' dir='ltr'><strong>mundis-</strong></span> 
     </span>
    </p>
   </div>
   <div class='ocr_carea' id='block_1_73' title="bbox 162 5329 1706 5399">
    <p class='ocr_par' dir='ltr' id='par_1_73' title="bbox 162 5329 1706 5399">
     <span class='ocr_line' id='line_1_73' title="bbox 162 5329 1706 5399; baseline -0.003 -14"><span class='ocrx_word' id='word_1_538' title='bbox 162 5334 294 5385; x_wconf 83' lang='lat' dir='ltr'><strong>simi.</strong></span> <span class='ocrx_word' id='word_1_539' title='bbox 343 5334 510 5385; x_wconf 85' lang='lat' dir='ltr'><strong>Omne</strong></span> <span class='ocrx_word' id='word_1_540' title='bbox 551 5333 750 5399; x_wconf 88' lang='lat' dir='ltr'><strong>pondus</strong></span> <span class='ocrx_word' id='word_1_541' title='bbox 787 5331 1081 5385; x_wconf 81' lang='lat' dir='ltr'><strong>candelabri</strong></span> <span class='ocrx_word' id='word_1_542' title='bbox 1121 5345 1238 5383; x_wconf 91' lang='lat' dir='ltr'><strong>cum</strong></span> <span class='ocrx_word' id='word_1_543' title='bbox 1279 5329 1530 5381; x_wconf 87' lang='lat' dir='ltr'><strong>universis</strong></span> <span class='ocrx_word' id='word_1_544' title='bbox 1571 5329 1706 5380; x_wconf 88' lang='lat' dir='ltr'><strong>vasis</strong></span> 
     </span>
    </p>
   </div>
   <div class='ocr_carea' id='block_1_74' title="bbox 163 5419 1706 5486">
    <p class='ocr_par' dir='ltr' id='par_1_74' title="bbox 163 5419 1706 5486">
     <span class='ocr_line' id='line_1_74' title="bbox 163 5419 1706 5486; baseline -0.003 -12"><span class='ocrx_word' id='word_1_545' title='bbox 163 5425 289 5485; x_wconf 82' lang='lat' dir='ltr'><strong>suis,</strong></span> <span class='ocrx_word' id='word_1_546' title='bbox 315 5438 468 5476; x_wconf 89' lang='lat' dir='ltr'><strong>omne</strong></span> <span class='ocrx_word' id='word_1_547' title='bbox 490 5435 686 5486; x_wconf 87' lang='lat' dir='ltr'><strong>corpus</strong></span> <span class='ocrx_word' id='word_1_548' title='bbox 700 5419 896 5473; x_wconf 84' lang='lat' dir='ltr'><strong>Christi</strong></span> <span class='ocrx_word' id='word_1_549' title='bbox 928 5427 1028 5483; x_wconf 88' lang='lat' dir='ltr'><strong>est,</strong></span> <span class='ocrx_word' id='word_1_550' title='bbox 1053 5434 1168 5472; x_wconf 92' lang='lat' dir='ltr'><strong>cum</strong></span> <span class='ocrx_word' id='word_1_551' title='bbox 1202 5420 1312 5485; x_wconf 81' lang='lat' dir='ltr'><strong>ipso</strong></span> <span class='ocrx_word' id='word_1_552' title='bbox 1335 5420 1503 5484; x_wconf 89' lang='lat' dir='ltr'><strong>capite</strong></span> <span class='ocrx_word' id='word_1_553' title='bbox 1530 5427 1706 5470; x_wconf 73' lang='lat' dir='ltr'><strong>oestro</strong></span> 
     </span>
    </p>
   </div>
   <div class='ocr_carea' id='block_1_75' title="bbox 165 5508 1708 5574">
    <p class='ocr_par' dir='ltr' id='par_1_75' title="bbox 165 5508 1708 5574">
     <span class='ocr_line' id='line_1_75' title="bbox 165 5508 1708 5574; baseline -0.003 -8"><span class='ocrx_word' id='word_1_554' title='bbox 165 5514 447 5566; x_wconf 76' lang='lat' dir='ltr'><strong>Mediatore</strong></span> <span class='ocrx_word' id='word_1_555' title='bbox 476 5512 565 5564; x_wconf 85' lang='lat' dir='ltr'><strong>Dei</strong></span> <span class='ocrx_word' id='word_1_556' title='bbox 592 5521 644 5563; x_wconf 90' lang='lat' dir='ltr'><strong>et</strong></span> <span class='ocrx_word' id='word_1_557' title='bbox 686 5510 954 5562; x_wconf 76' lang='lat' dir='ltr'><strong>hominum</strong></span> <span class='ocrx_word' id='word_1_558' title='bbox 977 5551 992 5574; x_wconf 86' lang='lat'><strong>,</strong></span> <span class='ocrx_word' id='word_1_559' title='bbox 1021 5518 1073 5562; x_wconf 91' lang='lat' dir='ltr'><strong>et</strong></span> <span class='ocrx_word' id='word_1_560' title='bbox 1101 5509 1362 5561; x_wconf 87' lang='lat' dir='ltr'><strong>universis</strong></span> <span class='ocrx_word' id='word_1_561' title='bbox 1389 5509 1570 5562; x_wconf 88' lang='lat' dir='ltr'><strong>electis</strong></span> <span class='ocrx_word' id='word_1_562' title='bbox 1599 5508 1708 5561; x_wconf 82' lang='lat' dir='ltr'><strong>suis</strong></span> 
     </span>
    </p>
   </div>
   <div class='ocr_carea' id='block_1_76' title="bbox 165 5599 1706 5669">
    <p class='ocr_par' dir='ltr' id='par_1_76' title="bbox 165 5599 1706 5669">
     <span class='ocr_line' id='line_1_76' title="bbox 165 5599 1706 5669; baseline -0.003 -13"><span class='ocrx_word' id='word_1_563' title='bbox 165 5621 190 5656; x_wconf 82' lang='grc' dir='ltr'><strong>ιι</strong></span> <span class='ocrx_word' id='word_1_564' title='bbox 222 5603 437 5656; x_wconf 77' lang='lat' dir='ltr'><strong>summis</strong></span> <span class='ocrx_word' id='word_1_565' title='bbox 466 5618 497 5654; x_wconf 93' lang='lat' dir='ltr'><strong>u</strong></span> <span class='ocrx_word' id='word_1_566' title='bbox 529 5617 631 5669; x_wconf 90' lang='lat' dir='ltr'><strong>que</strong></span> <span class='ocrx_word' id='word_1_567' title='bbox 659 5601 721 5652; x_wconf 88' lang='lat' dir='ltr'><strong>ad</strong></span> <span class='ocrx_word' id='word_1_568' title='bbox 752 5601 979 5662; x_wconf 85' lang='lat' dir='ltr'><strong>intimos,</strong></span> <span class='ocrx_word' id='word_1_569' title='bbox 1013 5601 1077 5652; x_wconf 88' lang='lat' dir='ltr'><strong>ab</strong></span> <span class='ocrx_word' id='word_1_570' title='bbox 1110 5599 1188 5651; x_wconf 83' lang='lat' dir='ltr'><strong>bis</strong></span> <span class='ocrx_word' id='word_1_571' title='bbox 1214 5600 1400 5665; x_wconf 89' lang='lat' dir='ltr'><strong>quibus</strong></span> <span class='ocrx_word' id='word_1_572' title='bbox 1431 5599 1596 5667; x_wconf 88' lang='lat' dir='ltr'><strong>major</strong></span> <span class='ocrx_word' id='word_1_573' title='bbox 1627 5600 1706 5652; x_wconf 80' lang='lat' dir='ltr'><strong>in-</strong></span> 
     </span>
    </p>
   </div>
   <div class='ocr_carea' id='block_1_77' title="bbox 169 5689 1706 5757">
    <p class='ocr_par' dir='ltr' id='par_1_77' title="bbox 169 5689 1706 5757">
     <span class='ocr_line' id='line_1_77' title="bbox 169 5689 1706 5757; baseline -0.003 -11"><span class='ocrx_word' id='word_1_574' title='bbox 169 5703 243 5748; x_wconf 83' lang='lat' dir='ltr'><strong>ter</strong></span> <span class='ocrx_word' id='word_1_575' title='bbox 277 5703 422 5746; x_wconf 78' lang='lat' dir='ltr'><strong>natos</strong></span> <span class='ocrx_word' id='word_1_576' title='bbox 451 5691 724 5744; x_wconf 89' lang='lat' dir='ltr'><strong>mulierum</strong></span> <span class='ocrx_word' id='word_1_577' title='bbox 766 5703 918 5751; x_wconf 87' lang='lat' dir='ltr'><strong>nemo</strong></span> <span class='ocrx_word' id='word_1_578' title='bbox 947 5697 1026 5742; x_wconf 85' lang='lat' dir='ltr'><strong>est</strong></span> <span class='ocrx_word' id='word_1_579' title='bbox 1068 5704 1229 5757; x_wconf 86' lang='lat' dir='ltr'><strong>usque</strong></span> <span class='ocrx_word' id='word_1_580' title='bbox 1259 5689 1322 5742; x_wconf 85' lang='lat' dir='ltr'><strong>ad</strong></span> <span class='ocrx_word' id='word_1_581' title='bbox 1354 5704 1465 5757; x_wconf 83' lang='lat' dir='ltr'><strong>eos,</strong></span> <span class='ocrx_word' id='word_1_582' title='bbox 1497 5689 1562 5743; x_wconf 88' lang='lat' dir='ltr'><strong>de</strong></span> <span class='ocrx_word' id='word_1_583' title='bbox 1589 5690 1706 5756; x_wconf 82' lang='lat' dir='ltr'><strong>qui-</strong></span> 
     </span>
    </p>
   </div>
   <div class='ocr_carea' id='block_1_78' title="bbox 1790 1901 3340 1969">
    <p class='ocr_par' dir='ltr' id='par_1_78' title="bbox 1790 1901 3340 1969">
     <span class='ocr_line' id='line_1_78' title="bbox 1790 1901 3340 1969; baseline 0.001 -13"><span class='ocrx_word' id='word_1_584' title='bbox 1790 1901 2059 1966; x_wconf 87' lang='lat' dir='ltr'><strong>examiue,</strong></span> <span class='ocrx_word' id='word_1_585' title='bbox 2109 1904 2252 1965; x_wconf 83' lang='lat' dir='ltr'><strong>justo</strong></span> <span class='ocrx_word' id='word_1_586' title='bbox 2299 1913 2447 1955; x_wconf 82' lang='lat' dir='ltr'><strong>actus</strong></span> <span class='ocrx_word' id='word_1_587' title='bbox 2495 1903 2724 1967; x_wconf 86' lang='lat' dir='ltr'><strong>ipsorum</strong></span> <span class='ocrx_word' id='word_1_588' title='bbox 2775 1906 3013 1957; x_wconf 85' lang='lat' dir='ltr'><strong>restituet</strong></span> <span class='ocrx_word' id='word_1_589' title='bbox 3058 1922 3069 1955; x_wconf 92' lang='lat'><strong>:</strong></span> <span class='ocrx_word' id='word_1_590' title='bbox 3117 1905 3248 1969; x_wconf 78' lang='lat' dir='ltr'><strong>Quia</strong></span> <span class='ocrx_word' id='word_1_591' title='bbox 3287 1917 3340 1957; x_wconf 84' lang='lat' dir='ltr'><strong>tu</strong></span> 
     </span>
    </p>
   </div>
   <div class='ocr_carea' id='block_1_79' title="bbox 1789 1992 3338 2060">
    <p class='ocr_par' dir='ltr' id='par_1_79' title="bbox 1789 1992 3338 2060">
     <span class='ocr_line' id='line_1_79' title="bbox 1789 1992 3338 2060; baseline 0.002 -17"><span class='ocrx_word' id='word_1_592' title='bbox 1789 1993 2001 2058; x_wconf 62' lang='lat' dir='ltr'><strong>redde,</strong></span> <span class='ocrx_word' id='word_1_593' title='bbox 2058 1992 2260 2059; x_wconf 80' lang='lat' dir='ltr'><strong>iqutit,</strong></span> <span class='ocrx_word' id='word_1_594' title='bbox 2321 1992 2535 2060; x_wconf 82' lang='lat' dir='ltr'><strong>singulis</strong></span> <span class='ocrx_word' id='word_1_595' title='bbox 2591 1993 2859 2044; x_wconf 80' lang='lat' dir='ltr'><strong>secundum</strong></span> <span class='ocrx_word' id='word_1_596' title='bbox 2916 2009 3065 2059; x_wconf 80' lang='lat' dir='ltr'><strong>opera</strong></span> <span class='ocrx_word' id='word_1_597' title='bbox 3117 1995 3338 2060; x_wconf 72' lang='lat' dir='ltr'><strong>ipsorum</strong></span> 
     </span>
    </p>
   </div>
   <div class='ocr_carea' id='block_1_80' title="bbox 1788 2081 3339 2150">
    <p class='ocr_par' dir='ltr' id='par_1_80' title="bbox 1788 2081 3339 2150">
     <span class='ocr_line' id='line_1_80' title="bbox 1788 2081 3339 2150; baseline 0.001 -16"><span class='ocrx_word' id='word_1_598' title='bbox 1788 2081 2010 2147; x_wconf 87' lang='lat' dir='ltr'><strong>(Psalm.</strong></span> <span class='ocrx_word' id='word_1_599' title='bbox 2037 2081 2167 2150; x_wconf 68' lang='grc' dir='ltr'>ιιι).</span> <span class='ocrx_word' id='word_1_600' title='bbox 2197 2081 2298 2136; x_wconf 88' lang='lat' dir='ltr'><strong>Sed</strong></span> <span class='ocrx_word' id='word_1_601' title='bbox 2327 2083 2504 2144; x_wconf 87' lang='lat' dir='ltr'><strong>distat,</strong></span> <span class='ocrx_word' id='word_1_602' title='bbox 2530 2091 2702 2132; x_wconf 88' lang='lat' dir='ltr'><strong>utrttm</strong></span> <span class='ocrx_word' id='word_1_603' title='bbox 2733 2082 2847 2148; x_wconf 85' lang='lat' dir='ltr'><strong>quis</strong></span> <span class='ocrx_word' id='word_1_604' title='bbox 2872 2095 3054 2134; x_wconf 81' lang='lat' dir='ltr'><strong>aurum</strong></span> <span class='ocrx_word' id='word_1_605' title='bbox 3080 2097 3142 2134; x_wconf 85' lang='lat' dir='ltr'><strong>on</strong></span> <span class='ocrx_word' id='word_1_606' title='bbox 3173 2083 3339 2149; x_wconf 61' lang='lat' dir='ltr'><strong>glum-</strong></span> 
     </span>
    </p>
   </div>
   <div class='ocr_carea' id='block_1_81' title="bbox 1790 2170 3336 2235">
    <p class='ocr_par' dir='ltr' id='par_1_81' title="bbox 1790 2170 3336 2235">
     <span class='ocr_line' id='line_1_81' title="bbox 1790 2170 3336 2235; baseline -0.001 -11"><span class='ocrx_word' id='word_1_607' title='bbox 1790 2174 1909 2225; x_wconf 89' lang='lat' dir='ltr'><strong>lmm</strong></span> <span class='ocrx_word' id='word_1_608' title='bbox 1951 2171 2012 2224; x_wconf 88' lang='lat' dir='ltr'><strong>ad</strong></span> <span class='ocrx_word' id='word_1_609' title='bbox 2056 2185 2274 2224; x_wconf 71' lang='lat' dir='ltr'><strong>examen</strong></span> <span class='ocrx_word' id='word_1_610' title='bbox 2317 2171 2550 2221; x_wconf 77' lang='lat' dir='ltr'><strong>divinum</strong></span> <span class='ocrx_word' id='word_1_611' title='bbox 2597 2170 2800 2223; x_wconf 79' lang='lat' dir='ltr'><strong>afferat.</strong></span> <span class='ocrx_word' id='word_1_612' title='bbox 2849 2170 2944 2235; x_wconf 83' lang='lat' dir='ltr'><strong>Qui</strong></span> <span class='ocrx_word' id='word_1_613' title='bbox 2993 2171 3129 2224; x_wconf 85' lang='lat' dir='ltr'><strong>enim</strong></span> <span class='ocrx_word' id='word_1_614' title='bbox 3175 2173 3336 2223; x_wconf 69' lang='lat' dir='ltr'><strong>instar</strong></span> 
     </span>
    </p>
   </div>
   <div class='ocr_carea' id='block_1_82' title="bbox 1785 2261 3335 2330">
    <p class='ocr_par' dir='ltr' id='par_1_82' title="bbox 1785 2261 3335 2330">
     <span class='ocr_line' id='line_1_82' title="bbox 1785 2261 3335 2330; baseline 0 -14"><span class='ocrx_word' id='word_1_615' title='bbox 1785 2263 1898 2316; x_wconf 89' lang='lat' dir='ltr'><strong>auri</strong></span> <span class='ocrx_word' id='word_1_616' title='bbox 1930 2263 2078 2316; x_wconf 87' lang='lat' dir='ltr'><strong>bonis</strong></span> <span class='ocrx_word' id='word_1_617' title='bbox 2112 2261 2308 2330; x_wconf 86' lang='lat' dir='ltr'><strong>fulgent</strong></span> <span class='ocrx_word' id='word_1_618' title='bbox 2336 2261 2580 2328; x_wconf 77' lang='lat' dir='ltr'><strong>operibus</strong></span> <span class='ocrx_word' id='word_1_619' title='bbox 2601 2305 2614 2327; x_wconf 93' lang='lat'><strong>,</strong></span> <span class='ocrx_word' id='word_1_620' title='bbox 2647 2261 2694 2314; x_wconf 86' lang='lat' dir='ltr'><strong>in</strong></span> <span class='ocrx_word' id='word_1_621' title='bbox 2729 2262 3098 2315; x_wconf 83' lang='lat' dir='ltr'><strong>candelabrum</strong></span> <span class='ocrx_word' id='word_1_622' title='bbox 3133 2262 3335 2316; x_wconf 89' lang='lat' dir='ltr'><strong>Domini</strong></span> 
     </span>
    </p>
   </div>
   <div class='ocr_carea' id='block_1_83' title="bbox 1790 2350 3335 2422">
    <p class='ocr_par' dir='ltr' id='par_1_83' title="bbox 1790 2350 3335 2422">
     <span class='ocr_line' id='line_1_83' title="bbox 1790 2350 3335 2422; baseline 0.001 -20"><span class='ocrx_word' id='word_1_623' title='bbox 1790 2355 2110 2422; x_wconf 85' lang='lat' dir='ltr'><strong>protieiunt,</strong></span> <span class='ocrx_word' id='word_1_624' title='bbox 2161 2353 2280 2422; x_wconf 91' lang='lat' dir='ltr'><strong>quia</strong></span> <span class='ocrx_word' id='word_1_625' title='bbox 2329 2351 2509 2420; x_wconf 77' lang='lat' dir='ltr'><strong>glorize</strong></span> <span class='ocrx_word' id='word_1_626' title='bbox 2556 2365 2664 2403; x_wconf 70' lang='lat' dir='ltr'><strong>sua:</strong></span> <span class='ocrx_word' id='word_1_627' title='bbox 2715 2350 3012 2404; x_wconf 84' lang='lat' dir='ltr'><strong>Conditoris</strong></span> <span class='ocrx_word' id='word_1_628' title='bbox 3061 2352 3335 2420; x_wconf 84' lang='lat' dir='ltr'><strong>participes</strong></span> 
     </span>
    </p>
   </div>
   <div class='ocr_carea' id='block_1_84' title="bbox 1787 2438 3336 2510">
    <p class='ocr_par' dir='ltr' id='par_1_84' title="bbox 1787 2438 3336 2510">
     <span class='ocr_line' id='line_1_84' title="bbox 1787 2438 3336 2510; baseline -0.002 -13"><span class='ocrx_word' id='word_1_629' title='bbox 1787 2444 2040 2498; x_wconf 82' lang='lat' dir='ltr'><strong>existunt.</strong></span> <span class='ocrx_word' id='word_1_630' title='bbox 2071 2445 2137 2496; x_wconf 84' lang='lat' dir='ltr'><strong>At</strong></span> <span class='ocrx_word' id='word_1_631' title='bbox 2163 2443 2248 2510; x_wconf 87' lang='lat' dir='ltr'><strong>qui</strong></span> <span class='ocrx_word' id='word_1_632' title='bbox 2283 2441 2511 2508; x_wconf 83' lang='lat' dir='ltr'><strong>peccatis</strong></span> <span class='ocrx_word' id='word_1_633' title='bbox 2540 2454 2724 2509; x_wconf 84' lang='lat' dir='ltr'><strong>graves</strong></span> <span class='ocrx_word' id='word_1_634' title='bbox 2752 2440 2801 2491; x_wconf 91' lang='lat' dir='ltr'><strong>in</strong></span> <span class='ocrx_word' id='word_1_635' title='bbox 2834 2438 3070 2492; x_wconf 83' lang='lat' dir='ltr'><strong>districto</strong></span> <span class='ocrx_word' id='word_1_636' title='bbox 3098 2443 3336 2494; x_wconf 80' lang='lat' dir='ltr'><strong>examine</strong></span> 
     </span>
    </p>
   </div>
   <div class='ocr_carea' id='block_1_85' title="bbox 1787 2531 3332 2604">
    <p class='ocr_par' dir='ltr' id='par_1_85' title="bbox 1787 2531 3332 2604">
     <span class='ocr_line' id='line_1_85' title="bbox 1787 2531 3332 2604; baseline -0.003 -16"><span class='ocrx_word' id='word_1_637' title='bbox 1787 2543 2063 2604; x_wconf 86' lang='lat' dir='ltr'><strong>apparent,</strong></span> <span class='ocrx_word' id='word_1_638' title='bbox 2100 2534 2476 2602; x_wconf 88' lang='lat' dir='ltr'><strong>demerguntur</strong></span> <span class='ocrx_word' id='word_1_639' title='bbox 2518 2543 2760 2598; x_wconf 86' lang='lat' dir='ltr'><strong>tanquam</strong></span> <span class='ocrx_word' id='word_1_640' title='bbox 2806 2531 3070 2599; x_wconf 90' lang='lat' dir='ltr'><strong>plumbum</strong></span> <span class='ocrx_word' id='word_1_641' title='bbox 3112 2532 3163 2585; x_wconf 92' lang='lat' dir='ltr'><strong>in</strong></span> <span class='ocrx_word' id='word_1_642' title='bbox 3203 2547 3332 2600; x_wconf 82' lang='lat' dir='ltr'><strong>aqua</strong></span> 
     </span>
    </p>
   </div>
   <div class='ocr_carea' id='block_1_86' title="bbox 1791 2620 3335 2692">
    <p class='ocr_par' dir='ltr' id='par_1_86' title="bbox 1791 2620 3335 2692">
     <span class='ocr_line' id='line_1_86' title="bbox 1791 2620 3335 2692; baseline -0.006 -10"><span class='ocrx_word' id='word_1_643' title='bbox 1791 2626 2140 2689; x_wconf 80' lang='lat' dir='ltr'><strong>validissimo;</strong></span> <span class='ocrx_word' id='word_1_644' title='bbox 2167 2625 2286 2692; x_wconf 83' lang='lat' dir='ltr'><strong>quia</strong></span> <span class='ocrx_word' id='word_1_645' title='bbox 2318 2622 2504 2676; x_wconf 88' lang='lat' dir='ltr'><strong>merito</strong></span> <span class='ocrx_word' id='word_1_646' title='bbox 2531 2620 2786 2674; x_wconf 87' lang='lat' dir='ltr'><strong>scelertun</strong></span> <span class='ocrx_word' id='word_1_647' title='bbox 2819 2621 2868 2671; x_wconf 87' lang='lat' dir='ltr'><strong>itt</strong></span> <span class='ocrx_word' id='word_1_648' title='bbox 2896 2620 3140 2690; x_wconf 83' lang='lat' dir='ltr'><strong>abyssum</strong></span> <span class='ocrx_word' id='word_1_649' title='bbox 3169 2635 3335 2688; x_wconf 63' lang='lat' dir='ltr'><strong>paenae</strong></span> 
     </span>
    </p>
   </div>
   <div class='ocr_carea' id='block_1_87' title="bbox 1787 2711 3332 2785">
    <p class='ocr_par' dir='ltr' id='par_1_87' title="bbox 1787 2711 3332 2785">
     <span class='ocr_line' id='line_1_87' title="bbox 1787 2711 3332 2785; baseline -0.006 -16"><span class='ocrx_word' id='word_1_650' title='bbox 1787 2716 2052 2785; x_wconf 84' lang='lat' dir='ltr'><strong>gravantis</strong></span> <span class='ocrx_word' id='word_1_651' title='bbox 2090 2714 2360 2767; x_wconf 87' lang='lat' dir='ltr'><strong>decidunt.</strong></span> <span class='ocrx_word' id='word_1_652' title='bbox 2407 2712 2696 2779; x_wconf 89' lang='lat' dir='ltr'><strong>Utrumque</strong></span> <span class='ocrx_word' id='word_1_653' title='bbox 2737 2722 2941 2772; x_wconf 88' lang='lat' dir='ltr'><strong>tamen,</strong></span> <span class='ocrx_word' id='word_1_654' title='bbox 2982 2719 3035 2762; x_wconf 89' lang='lat' dir='ltr'><strong>et</strong></span> <span class='ocrx_word' id='word_1_655' title='bbox 3075 2711 3332 2779; x_wconf 82' lang='lat' dir='ltr'><strong>p&#39;umbuut</strong></span> 
     </span>
    </p>
   </div>
   <div class='ocr_carea' id='block_1_88' title="bbox 1787 2799 3340 2868">
    <p class='ocr_par' dir='ltr' id='par_1_88' title="bbox 1787 2799 3340 2868">
     <span class='ocr_line' id='line_1_88' title="bbox 1787 2799 3340 2868; baseline -0.005 -9"><span class='ocrx_word' id='word_1_656' title='bbox 1787 2806 1991 2859; x_wconf 87' lang='lat' dir='ltr'><strong>scilicet</strong></span> <span class='ocrx_word' id='word_1_657' title='bbox 2027 2813 2080 2857; x_wconf 91' lang='lat' dir='ltr'><strong>et</strong></span> <span class='ocrx_word' id='word_1_658' title='bbox 2107 2817 2289 2854; x_wconf 85' lang='lat' dir='ltr'><strong>aurum</strong></span> <span class='ocrx_word' id='word_1_659' title='bbox 2316 2845 2332 2868; x_wconf 87' lang='lat'><strong>,</strong></span> <span class='ocrx_word' id='word_1_660' title='bbox 2366 2802 2544 2854; x_wconf 83' lang='lat' dir='ltr'><strong>talenti</strong></span> <span class='ocrx_word' id='word_1_661' title='bbox 2576 2799 2730 2852; x_wconf 86' lang='lat' dir='ltr'><strong>habet</strong></span> <span class='ocrx_word' id='word_1_662' title='bbox 2773 2812 3066 2851; x_wconf 85' lang='lat' dir='ltr'><strong>mensuram</strong></span> <span class='ocrx_word' id='word_1_663' title='bbox 3091 2817 3104 2863; x_wconf 90' lang='lat'><strong>;</strong></span> <span class='ocrx_word' id='word_1_664' title='bbox 3134 2803 3250 2868; x_wconf 91' lang='lat' dir='ltr'><strong>quia</strong></span> <span class='ocrx_word' id='word_1_665' title='bbox 3285 2808 3340 2852; x_wconf 90' lang='lat' dir='ltr'><strong>et</strong></span> 
     </span>
    </p>
   </div>
   <div class='ocr_carea' id='block_1_89' title="bbox 1789 2888 3340 2957">
    <p class='ocr_par' dir='ltr' id='par_1_89' title="bbox 1789 2888 3340 2957">
     <span class='ocr_line' id='line_1_89' title="bbox 1789 2888 3340 2957; baseline -0.001 -11"><span class='ocrx_word' id='word_1_666' title='bbox 1789 2896 1838 2946; x_wconf 91' lang='lat' dir='ltr'><strong>in</strong></span> <span class='ocrx_word' id='word_1_667' title='bbox 1879 2892 2175 2944; x_wconf 86' lang='lat' dir='ltr'><strong>damnando</strong></span> <span class='ocrx_word' id='word_1_668' title='bbox 2218 2891 2424 2957; x_wconf 89' lang='lat' dir='ltr'><strong>impios,</strong></span> <span class='ocrx_word' id='word_1_669' title='bbox 2459 2899 2511 2941; x_wconf 91' lang='lat' dir='ltr'><strong>et</strong></span> <span class='ocrx_word' id='word_1_670' title='bbox 2553 2889 2603 2942; x_wconf 88' lang='lat' dir='ltr'><strong>in</strong></span> <span class='ocrx_word' id='word_1_671' title='bbox 2646 2888 2898 2943; x_wconf 89' lang='lat' dir='ltr'><strong>salvando</strong></span> <span class='ocrx_word' id='word_1_672' title='bbox 2937 2903 2999 2940; x_wconf 86' lang='lat' dir='ltr'><strong>ac</strong></span> <span class='ocrx_word' id='word_1_673' title='bbox 3039 2891 3340 2944; x_wconf 90' lang='lat' dir='ltr'><strong>coronaudo</strong></span> 
     </span>
    </p>
   </div>
   <div class='ocr_carea' id='block_1_90' title="bbox 1787 2976 3103 3050">
    <p class='ocr_par' dir='ltr' id='par_1_90' title="bbox 1787 2976 3103 3050">
     <span class='ocr_line' id='line_1_90' title="bbox 1787 2976 3103 3050; baseline -0.005 -11"><span class='ocrx_word' id='word_1_674' title='bbox 1787 2987 2007 3046; x_wconf 85' lang='lat' dir='ltr'><strong>electos,</strong></span> <span class='ocrx_word' id='word_1_675' title='bbox 2034 2982 2171 3050; x_wconf 84' lang='lat' dir='ltr'><strong>justo</strong></span> <span class='ocrx_word' id='word_1_676' title='bbox 2202 2989 2280 3034; x_wconf 91' lang='lat' dir='ltr'><strong>est</strong></span> <span class='ocrx_word' id='word_1_677' title='bbox 2313 2981 2474 3032; x_wconf 89' lang='lat' dir='ltr'><strong>nostri</strong></span> <span class='ocrx_word' id='word_1_678' title='bbox 2501 2979 2759 3033; x_wconf 88' lang='lat' dir='ltr'><strong>sententia</strong></span> <span class='ocrx_word' id='word_1_679' title='bbox 2787 2976 3103 3032; x_wconf 88' lang='lat' dir='ltr'><strong>Conditoris.</strong></span> 
     </span>
    </p>
   </div>
   <div class='ocr_carea' id='block_1_91' title="bbox 1864 3067 3336 3140">
    <p class='ocr_par' dir='ltr' id='par_1_91' title="bbox 1864 3067 3336 3140">
     <span class='ocr_line' id='line_1_91' title="bbox 1864 3067 3336 3140; baseline -0.005 -16"><span class='ocrx_word' id='word_1_680' title='bbox 1864 3071 2093 3140; x_wconf 75' lang='lat' dir='ltr'><strong>Inspice.</strong></span> <span class='ocrx_word' id='word_1_681' title='bbox 2131 3079 2178 3122; x_wconf 85' lang='lat' dir='ltr'><strong>et</strong></span> <span class='ocrx_word' id='word_1_682' title='bbox 2225 3069 2306 3137; x_wconf 75' lang='lat' dir='ltr'><strong>[ac</strong></span> <span class='ocrx_word' id='word_1_683' title='bbox 2351 3067 2622 3119; x_wconf 72' lang='lat' dir='ltr'><strong>scrmtdnm</strong></span> <span class='ocrx_word' id='word_1_684' title='bbox 2663 3067 2917 3134; x_wconf 75' lang='lat' dir='ltr'><strong>exemplar</strong></span> <span class='ocrx_word' id='word_1_685' title='bbox 2969 3067 3105 3134; x_wconf 83' lang='lat' dir='ltr'><strong>quod</strong></span> <span class='ocrx_word' id='word_1_686' title='bbox 3152 3067 3240 3118; x_wconf 73' lang='lat' dir='ltr'><strong>tili</strong></span> <span class='ocrx_word' id='word_1_687' title='bbox 3286 3068 3336 3117; x_wconf 85' lang='lat' dir='ltr'><strong>iu</strong></span> 
     </span>
    </p>
   </div>
   <div class='ocr_carea' id='block_1_92' title="bbox 1793 3154 3334 3224">
    <p class='ocr_par' dir='ltr' id='par_1_92' title="bbox 1793 3154 3334 3224">
     <span class='ocr_line' id='line_1_92' title="bbox 1793 3154 3334 3224; baseline -0.004 -11"><span class='ocrx_word' id='word_1_688' title='bbox 1793 3170 1956 3214; x_wconf 83' lang='lat' dir='ltr'><strong>monte</strong></span> <span class='ocrx_word' id='word_1_689' title='bbox 1995 3165 2322 3211; x_wconf 73' lang='lat' dir='ltr'><strong>monstratur»</strong></span> <span class='ocrx_word' id='word_1_690' title='bbox 2377 3166 2467 3209; x_wconf 87' lang='lat' dir='ltr'><strong>est.</strong></span> <span class='ocrx_word' id='word_1_691' title='bbox 2521 3155 2683 3224; x_wconf 74' lang='lat' dir='ltr'><strong>llujtts</strong></span> <span class='ocrx_word' id='word_1_692' title='bbox 2727 3154 3036 3224; x_wconf 81' lang='lat' dir='ltr'><strong>mysterium</strong></span> <span class='ocrx_word' id='word_1_693' title='bbox 3093 3157 3334 3224; x_wconf 73' lang='lat' dir='ltr'><strong>pra-copti</strong></span> 
     </span>
    </p>
   </div>
   <div class='ocr_carea' id='block_1_93' title="bbox 1793 3244 3334 3318">
    <p class='ocr_par' dir='ltr' id='par_1_93' title="bbox 1793 3244 3334 3318">
     <span class='ocr_line' id='line_1_93' title="bbox 1793 3244 3334 3318; baseline -0.007 -12"><span class='ocrx_word' id='word_1_694' title='bbox 1793 3251 2038 3306; x_wconf 75' lang='lat' dir='ltr'><strong>facillime</strong></span> <span class='ocrx_word' id='word_1_695' title='bbox 2085 3265 2146 3301; x_wconf 79' lang='lat' dir='ltr'><strong>ex</strong></span> <span class='ocrx_word' id='word_1_696' title='bbox 2193 3251 2269 3318; x_wconf 83' lang='lat' dir='ltr'><strong>eis</strong></span> <span class='ocrx_word' id='word_1_697' title='bbox 2318 3262 2432 3315; x_wconf 74' lang='lat' dir='ltr'><strong>quze</strong></span> <span class='ocrx_word' id='word_1_698' title='bbox 2470 3246 2711 3314; x_wconf 87' lang='lat' dir='ltr'><strong>superius</strong></span> <span class='ocrx_word' id='word_1_699' title='bbox 2741 3244 2976 3311; x_wconf 81' lang='lat' dir='ltr'><strong>exposito</strong></span> <span class='ocrx_word' id='word_1_700' title='bbox 3005 3253 3142 3306; x_wconf 86' lang='lat' dir='ltr'><strong>sunt,</strong></span> <span class='ocrx_word' id='word_1_701' title='bbox 3174 3256 3334 3310; x_wconf 79' lang='lat' dir='ltr'><strong>pater.</strong></span> 
     </span>
    </p>
   </div>
   <div class='ocr_carea' id='block_1_94' title="bbox 1794 3333 3326 3401">
    <p class='ocr_par' dir='ltr' id='par_1_94' title="bbox 1794 3333 3326 3401">
     <span class='ocr_line' id='line_1_94' title="bbox 1794 3333 3326 3401; baseline -0.007 -8"><span class='ocrx_word' id='word_1_702' title='bbox 1794 3340 2070 3393; x_wconf 86' lang='lat' dir='ltr'><strong>Ostensum</strong></span> <span class='ocrx_word' id='word_1_703' title='bbox 2104 3353 2324 3401; x_wconf 88' lang='lat' dir='ltr'><strong>namque</strong></span> <span class='ocrx_word' id='word_1_704' title='bbox 2345 3335 2602 3401; x_wconf 73' lang='lat' dir='ltr'><strong>estMoys-i</strong></span> <span class='ocrx_word' id='word_1_705' title='bbox 2637 3334 2684 3385; x_wconf 92' lang='lat' dir='ltr'><strong>iu</strong></span> <span class='ocrx_word' id='word_1_706' title='bbox 2716 3341 2893 3385; x_wconf 89' lang='lat' dir='ltr'><strong>monte</strong></span> <span class='ocrx_word' id='word_1_707' title='bbox 2920 3333 3326 3397; x_wconf 69' lang='lat' dir='ltr'><strong>exempltrcao-</strong></span> 
     </span>
    </p>
   </div>
   <div class='ocr_carea' id='block_1_95' title="bbox 1795 3419 3337 3495">
    <p class='ocr_par' dir='ltr' id='par_1_95' title="bbox 1795 3419 3337 3495">
     <span class='ocr_line' id='line_1_95' title="bbox 1795 3419 3337 3495; baseline -0.01 -11"><span class='ocrx_word' id='word_1_708' title='bbox 1795 3429 1994 3484; x_wconf 85' lang='lat' dir='ltr'><strong>delobri</strong></span> <span class='ocrx_word' id='word_1_709' title='bbox 2021 3428 2155 3495; x_wconf 89' lang='lat' dir='ltr'><strong>quod</strong></span> <span class='ocrx_word' id='word_1_710' title='bbox 2185 3427 2408 3484; x_wconf 86' lang='lat' dir='ltr'><strong>faceret;</strong></span> <span class='ocrx_word' id='word_1_711' title='bbox 2446 3424 2563 3488; x_wconf 86' lang='lat' dir='ltr'><strong>quia</strong></span> <span class='ocrx_word' id='word_1_712' title='bbox 2595 3421 2646 3472; x_wconf 90' lang='lat' dir='ltr'><strong>in</strong></span> <span class='ocrx_word' id='word_1_713' title='bbox 2676 3420 2950 3471; x_wconf 87' lang='lat' dir='ltr'><strong>altitudine</strong></span> <span class='ocrx_word' id='word_1_714' title='bbox 2980 3419 3176 3472; x_wconf 74' lang='lat' dir='ltr'><strong>intimze</strong></span> <span class='ocrx_word' id='word_1_715' title='bbox 3201 3435 3337 3470; x_wconf 84' lang='lat' dir='ltr'><strong>eon-</strong></span> 
     </span>
    </p>
   </div>
   <div class='ocr_carea' id='block_1_96' title="bbox 1797 3503 3330 3581">
    <p class='ocr_par' dir='ltr' id='par_1_96' title="bbox 1797 3503 3330 3581">
     <span class='ocr_line' id='line_1_96' title="bbox 1797 3503 3330 3581; baseline -0.006 -13"><span class='ocrx_word' id='word_1_716' title='bbox 1797 3511 2147 3581; x_wconf 87' lang='lat' dir='ltr'><strong>tcmplationis</strong></span> <span class='ocrx_word' id='word_1_717' title='bbox 2175 3508 2354 3560; x_wconf 79' lang='lat' dir='ltr'><strong>didicit</strong></span> <span class='ocrx_word' id='word_1_718' title='bbox 2394 3519 2572 3573; x_wconf 87' lang='lat' dir='ltr'><strong>aperte</strong></span> <span class='ocrx_word' id='word_1_719' title='bbox 2618 3505 2895 3556; x_wconf 78' lang='lat' dir='ltr'><strong>multifario</strong></span> <span class='ocrx_word' id='word_1_720' title='bbox 2926 3504 3117 3559; x_wconf 82' lang='lat' dir='ltr'><strong>Christi</strong></span> <span class='ocrx_word' id='word_1_721' title='bbox 3149 3514 3202 3558; x_wconf 93' lang='lat' dir='ltr'><strong>et</strong></span> <span class='ocrx_word' id='word_1_722' title='bbox 3230 3503 3330 3559; x_wconf 83' lang='lat' dir='ltr'><strong>Ec-</strong></span> 
     </span>
    </p>
   </div>
   <div class='ocr_carea' id='block_1_97' title="bbox 1797 3598 3338 3665">
    <p class='ocr_par' dir='ltr' id='par_1_97' title="bbox 1797 3598 3338 3665">
     <span class='ocr_line' id='line_1_97' title="bbox 1797 3598 3338 3665; baseline -0.006 -7"><span class='ocrx_word' id='word_1_723' title='bbox 1797 3603 1971 3658; x_wconf 77' lang='lat' dir='ltr'><strong>clesia:</strong></span> <span class='ocrx_word' id='word_1_724' title='bbox 1998 3607 2320 3654; x_wconf 88' lang='lat' dir='ltr'><strong>sacramenta</strong></span> <span class='ocrx_word' id='word_1_725' title='bbox 2343 3615 2356 3660; x_wconf 89' lang='lat'><strong>;</strong></span> <span class='ocrx_word' id='word_1_726' title='bbox 2382 3609 2498 3665; x_wconf 65' lang='lat' dir='ltr'><strong>quae</strong></span> <span class='ocrx_word' id='word_1_727' title='bbox 2539 3607 2711 3648; x_wconf 89' lang='lat' dir='ltr'><strong>tamen</strong></span> <span class='ocrx_word' id='word_1_728' title='bbox 2764 3611 2867 3650; x_wconf 92' lang='lat' dir='ltr'><strong>non</strong></span> <span class='ocrx_word' id='word_1_729' title='bbox 2909 3608 3086 3661; x_wconf 89' lang='lat' dir='ltr'><strong>aperte</strong></span> <span class='ocrx_word' id='word_1_730' title='bbox 3116 3598 3302 3664; x_wconf 89' lang='lat' dir='ltr'><strong>populo</strong></span> <span class='ocrx_word' id='word_1_731' title='bbox 3324 3635 3338 3657; x_wconf 86' lang='lat'><strong>.</strong></span> 
     </span>
    </p>
   </div>
   <div class='ocr_carea' id='block_1_98' title="bbox 1797 3681 3337 3767">
    <p class='ocr_par' dir='ltr' id='par_1_98' title="bbox 1797 3681 3337 3767">
     <span class='ocr_line' id='line_1_98' title="bbox 1797 3681 3337 3767; baseline -0.006 -20"><span class='ocrx_word' id='word_1_732' title='bbox 1797 3711 1950 3767; x_wconf 87' lang='lat' dir='ltr'><strong>quem</strong></span> <span class='ocrx_word' id='word_1_733' title='bbox 1982 3692 2267 3753; x_wconf 81' lang='lat' dir='ltr'><strong>erudiebat,</strong></span> <span class='ocrx_word' id='word_1_734' title='bbox 2304 3691 2537 3759; x_wconf 84' lang='lat' dir='ltr'><strong>proferre</strong></span> <span class='ocrx_word' id='word_1_735' title='bbox 2561 3681 2794 3752; x_wconf 80' lang='lat' dir='ltr'><strong>volebat;</strong></span> <span class='ocrx_word' id='word_1_736' title='bbox 2825 3689 2916 3742; x_wconf 88' lang='lat' dir='ltr'><strong>sed</strong></span> <span class='ocrx_word' id='word_1_737' title='bbox 2957 3688 3129 3756; x_wconf 82' lang='lat' dir='ltr'><strong>typice</strong></span> <span class='ocrx_word' id='word_1_738' title='bbox 3169 3689 3337 3753; x_wconf 67' lang='lat' dir='ltr'><strong>petitis</strong></span> 
     </span>
    </p>
   </div>
   <div class='ocr_carea' id='block_1_99' title="bbox 1803 3776 3340 3854">
    <p class='ocr_par' dir='ltr' id='par_1_99' title="bbox 1803 3776 3340 3854">
     <span class='ocr_line' id='line_1_99' title="bbox 1803 3776 3340 3854; baseline -0.004 -20"><span class='ocrx_word' id='word_1_739' title='bbox 1803 3802 1894 3854; x_wconf 86' lang='lat' dir='ltr'><strong>per</strong></span> <span class='ocrx_word' id='word_1_740' title='bbox 1925 3785 2137 3851; x_wconf 81' lang='lat' dir='ltr'><strong>ﬁguram</strong></span> <span class='ocrx_word' id='word_1_741' title='bbox 2168 3791 2221 3836; x_wconf 90' lang='lat' dir='ltr'><strong>et</strong></span> <span class='ocrx_word' id='word_1_742' title='bbox 2250 3795 2381 3848; x_wconf 81' lang='lat' dir='ltr'><strong>Opus</strong></span> <span class='ocrx_word' id='word_1_743' title='bbox 2417 3778 2719 3832; x_wconf 86' lang='lat' dir='ltr'><strong>candelabri</strong></span> <span class='ocrx_word' id='word_1_744' title='bbox 2756 3792 2816 3830; x_wconf 91' lang='lat' dir='ltr'><strong>ac</strong></span> <span class='ocrx_word' id='word_1_745' title='bbox 2845 3791 3086 3830; x_wconf 85' lang='lat' dir='ltr'><strong>vasorum</strong></span> <span class='ocrx_word' id='word_1_746' title='bbox 3126 3776 3239 3844; x_wconf 89' lang='lat' dir='ltr'><strong>ejus</strong></span> <span class='ocrx_word' id='word_1_747' title='bbox 3269 3777 3340 3828; x_wconf 88' lang='lat' dir='ltr'><strong>si-</strong></span> 
     </span>
    </p>
   </div>
   <div class='ocr_carea' id='block_1_100' title="bbox 1801 3863 3341 3945">
    <p class='ocr_par' dir='ltr' id='par_1_100' title="bbox 1801 3863 3341 3945">
     <span class='ocr_line' id='line_1_100' title="bbox 1801 3863 3341 3945; baseline -0.009 -17"><span class='ocrx_word' id='word_1_748' title='bbox 1801 3875 2016 3945; x_wconf 83' lang='lat' dir='ltr'><strong>gnabat,</strong></span> <span class='ocrx_word' id='word_1_749' title='bbox 2051 3872 2218 3925; x_wconf 90' lang='lat' dir='ltr'><strong>donec</strong></span> <span class='ocrx_word' id='word_1_750' title='bbox 2250 3870 2451 3923; x_wconf 82' lang='lat' dir='ltr'><strong>veniret</strong></span> <span class='ocrx_word' id='word_1_751' title='bbox 2492 3867 2603 3936; x_wconf 89' lang='lat' dir='ltr'><strong>ipse</strong></span> <span class='ocrx_word' id='word_1_752' title='bbox 2636 3866 2884 3919; x_wconf 88' lang='lat' dir='ltr'><strong>Dominus</strong></span> <span class='ocrx_word' id='word_1_753' title='bbox 2922 3879 2983 3917; x_wconf 89' lang='lat' dir='ltr'><strong>ac</strong></span> <span class='ocrx_word' id='word_1_754' title='bbox 3024 3863 3341 3933; x_wconf 76' lang='lat' dir='ltr'><strong>Redemptor</strong></span> 
     </span>
    </p>
   </div>
   <div class='ocr_carea' id='block_1_101' title="bbox 1803 3952 3337 4026">
    <p class='ocr_par' dir='ltr' id='par_1_101' title="bbox 1803 3952 3337 4026">
     <span class='ocr_line' id='line_1_101' title="bbox 1803 3952 3337 4026; baseline -0.009 -9"><span class='ocrx_word' id='word_1_755' title='bbox 1803 3972 1981 4018; x_wconf 81' lang='lat' dir='ltr'><strong>noster</strong></span> <span class='ocrx_word' id='word_1_756' title='bbox 2011 3964 2062 4015; x_wconf 89' lang='lat' dir='ltr'><strong>in</strong></span> <span class='ocrx_word' id='word_1_757' title='bbox 2095 3975 2274 4020; x_wconf 89' lang='lat' dir='ltr'><strong>carne,</strong></span> <span class='ocrx_word' id='word_1_758' title='bbox 2299 3958 2385 4026; x_wconf 90' lang='lat' dir='ltr'><strong>qui</strong></span> <span class='ocrx_word' id='word_1_759' title='bbox 2415 3955 2718 4008; x_wconf 80' lang='lat' dir='ltr'><strong>interiorem</strong></span> <span class='ocrx_word' id='word_1_760' title='bbox 2748 3953 2980 4021; x_wconf 85' lang='lat' dir='ltr'><strong>ejusdem</strong></span> <span class='ocrx_word' id='word_1_761' title='bbox 3015 3952 3190 4019; x_wconf 61' lang='lat' dir='ltr'><strong>ﬁgurae</strong></span> <span class='ocrx_word' id='word_1_762' title='bbox 3216 3967 3337 4004; x_wconf 87' lang='lat' dir='ltr'><strong>sen-</strong></span> 
     </span>
    </p>
   </div>
   <div class='ocr_carea' id='block_1_102' title="bbox 1803 4025 3333 4109">
    <p class='ocr_par' dir='ltr' id='par_1_102' title="bbox 1803 4025 3333 4109">
     <span class='ocr_line' id='line_1_102' title="bbox 1803 4025 3333 4109; baseline -0.013 -1"><span class='ocrx_word' id='word_1_763' title='bbox 1803 4071 1918 4109; x_wconf 88' lang='lat' dir='ltr'><strong>sum</strong></span> <span class='ocrx_word' id='word_1_764' title='bbox 1948 4051 2194 4104; x_wconf 78' lang='lat' dir='ltr'><strong>Ecclesia:</strong></span> <span class='ocrx_word' id='word_1_765' title='bbox 2223 4062 2354 4109; x_wconf 75' lang='lat' dir='ltr'><strong>suze,</strong></span> <span class='ocrx_word' id='word_1_766' title='bbox 2385 4045 2501 4098; x_wconf 87' lang='lat' dir='ltr'><strong>data</strong></span> <span class='ocrx_word' id='word_1_767' title='bbox 2535 4045 2698 4097; x_wconf 90' lang='lat' dir='ltr'><strong>sancti</strong></span> <span class='ocrx_word' id='word_1_768' title='bbox 2729 4025 2949 4107; x_wconf 83' lang='lat' dir='ltr'><strong>Spiritus</strong></span> <span class='ocrx_word' id='word_1_769' title='bbox 2976 4041 3136 4109; x_wconf 80' lang='lat' dir='ltr'><strong>gratia</strong></span> <span class='ocrx_word' id='word_1_770' title='bbox 3158 4079 3172 4102; x_wconf 92' lang='lat'><strong>,</strong></span> <span class='ocrx_word' id='word_1_771' title='bbox 3200 4053 3333 4092; x_wconf 59' lang='lat' dir='ltr'><strong>rese.</strong></span> 
     </span>
    </p>
   </div>
   <div class='ocr_carea' id='block_1_103' title="bbox 1804 4127 3335 4195">
    <p class='ocr_par' dir='ltr' id='par_1_103' title="bbox 1804 4127 3335 4195">
     <span class='ocr_line' id='line_1_103' title="bbox 1804 4127 3335 4195; baseline -0.012 0"><span class='ocrx_word' id='word_1_772' title='bbox 1804 4150 1977 4195; x_wconf 82' lang='lat' dir='ltr'><strong>roret:</strong></span> <span class='ocrx_word' id='word_1_773' title='bbox 2005 4148 2058 4190; x_wconf 88' lang='lat' dir='ltr'><strong>ut</strong></span> <span class='ocrx_word' id='word_1_774' title='bbox 2086 4145 2137 4189; x_wconf 89' lang='lat' dir='ltr'><strong>et</strong></span> <span class='ocrx_word' id='word_1_775' title='bbox 2168 4131 2434 4186; x_wconf 68' lang='lat' dir='ltr'><strong>tuor-iendo</strong></span> <span class='ocrx_word' id='word_1_776' title='bbox 2457 4130 2506 4182; x_wconf 88' lang='lat' dir='ltr'><strong>itt</strong></span> <span class='ocrx_word' id='word_1_777' title='bbox 2531 4145 2687 4183; x_wconf 90' lang='lat' dir='ltr'><strong>cruce</strong></span> <span class='ocrx_word' id='word_1_778' title='bbox 2711 4129 2880 4181; x_wconf 88' lang='lat' dir='ltr'><strong>velum</strong></span> <span class='ocrx_word' id='word_1_779' title='bbox 2905 4128 3084 4194; x_wconf 86' lang='lat' dir='ltr'><strong>templi</strong></span> <span class='ocrx_word' id='word_1_780' title='bbox 3107 4127 3335 4187; x_wconf 78' lang='lat' dir='ltr'><strong>discidit,</strong></span> 
     </span>
    </p>
   </div>
   <div class='ocr_carea' id='block_1_104' title="bbox 1803 4222 3340 4296">
    <p class='ocr_par' dir='ltr' id='par_1_104' title="bbox 1803 4222 3340 4296">
     <span class='ocr_line' id='line_1_104' title="bbox 1803 4222 3340 4296; baseline -0.01 -14"><span class='ocrx_word' id='word_1_781' title='bbox 1803 4241 1956 4296; x_wconf 88' lang='lat' dir='ltr'><strong>atque</strong></span> <span class='ocrx_word' id='word_1_782' title='bbox 1983 4244 2040 4280; x_wconf 90' lang='lat' dir='ltr'><strong>ea</strong></span> <span class='ocrx_word' id='word_1_783' title='bbox 2069 4239 2183 4293; x_wconf 67' lang='lat' dir='ltr'><strong>qua:</strong></span> <span class='ocrx_word' id='word_1_784' title='bbox 2218 4232 2351 4274; x_wconf 85' lang='lat' dir='ltr'><strong>tecto</strong></span> <span class='ocrx_word' id='word_1_785' title='bbox 2382 4222 2585 4288; x_wconf 81' lang='lat' dir='ltr'><strong>fuerant</strong></span> <span class='ocrx_word' id='word_1_786' title='bbox 2625 4233 2814 4271; x_wconf 87' lang='lat' dir='ltr'><strong>arcana</strong></span> <span class='ocrx_word' id='word_1_787' title='bbox 2846 4229 3149 4271; x_wconf 89' lang='lat' dir='ltr'><strong>sanctorum</strong></span> <span class='ocrx_word' id='word_1_788' title='bbox 3199 4231 3340 4285; x_wconf 71' lang='lat' dir='ltr'><strong>pate.</strong></span> 
     </span>
    </p>
   </div>
   <div class='ocr_carea' id='block_1_105' title="bbox 1805 4294 3338 4379">
    <p class='ocr_par' dir='ltr' id='par_1_105' title="bbox 1805 4294 3338 4379">
     <span class='ocr_line' id='line_1_105' title="bbox 1805 4294 3338 4379; baseline -0.008 -7"><span class='ocrx_word' id='word_1_789' title='bbox 1805 4294 1923 4372; x_wconf 82' lang='lat' dir='ltr'><strong>l‘ecit</strong></span> <span class='ocrx_word' id='word_1_790' title='bbox 1952 4335 1965 4370; x_wconf 90' lang='lat'>:</span> <span class='ocrx_word' id='word_1_791' title='bbox 1998 4326 2051 4369; x_wconf 87' lang='lat' dir='ltr'><strong>et</strong></span> <span class='ocrx_word' id='word_1_792' title='bbox 2090 4323 2204 4379; x_wconf 70' lang='lat' dir='ltr'><strong>p0~t</strong></span> <span class='ocrx_word' id='word_1_793' title='bbox 2248 4307 2683 4364; x_wconf 84' lang='lat' dir='ltr'><strong>resurrectionem</strong></span> <span class='ocrx_word' id='word_1_794' title='bbox 2735 4294 3008 4374; x_wconf 68' lang='lat' dir='ltr'><strong>discipule</strong></span> <span class='ocrx_word' id='word_1_795' title='bbox 3052 4321 3338 4375; x_wconf 82' lang='lat' dir='ltr'><strong>apparens.</strong></span> 
     </span>
    </p>
   </div>
   <div class='ocr_carea' id='block_1_106' title="bbox 1806 4396 3341 4477">
    <p class='ocr_par' dir='ltr' id='par_1_106' title="bbox 1806 4396 3341 4477">
     <span class='ocr_line' id='line_1_106' title="bbox 1806 4396 3341 4477; baseline -0.007 -16"><span class='ocrx_word' id='word_1_796' title='bbox 1806 4410 2006 4477; x_wconf 85' lang='lat' dir='ltr'><strong>aperuit</strong></span> <span class='ocrx_word' id='word_1_797' title='bbox 2033 4407 2135 4459; x_wconf 85' lang='lat' dir='ltr'><strong>illis</strong></span> <span class='ocrx_word' id='word_1_798' title='bbox 2162 4415 2392 4462; x_wconf 81' lang='lat' dir='ltr'><strong>sensum,</strong></span> <span class='ocrx_word' id='word_1_799' title='bbox 2427 4407 2552 4452; x_wconf 92' lang='lat' dir='ltr'><strong>utet</strong></span> <span class='ocrx_word' id='word_1_800' title='bbox 2584 4396 2695 4450; x_wconf 75' lang='lat' dir='ltr'><strong>lucc</strong></span> <span class='ocrx_word' id='word_1_801' title='bbox 2739 4405 2792 4449; x_wconf 91' lang='lat' dir='ltr'><strong>et</strong></span> <span class='ocrx_word' id='word_1_802' title='bbox 2829 4398 2927 4450; x_wconf 88' lang='lat' dir='ltr'><strong>alio</strong></span> <span class='ocrx_word' id='word_1_803' title='bbox 2956 4399 3341 4467; x_wconf 88' lang='lat' dir='ltr'><strong>Scripturarum</strong></span> 
     </span>
    </p>
   </div>
   <div class='ocr_carea' id='block_1_107' title="bbox 1807 4485 3342 4562">
    <p class='ocr_par' dir='ltr' id='par_1_107' title="bbox 1807 4485 3342 4562">
     <span class='ocr_line' id='line_1_107' title="bbox 1807 4485 3342 4562; baseline -0.016 -7"><span class='ocrx_word' id='word_1_804' title='bbox 1807 4509 2008 4556; x_wconf 87' lang='lat' dir='ltr'><strong>secreta</strong></span> <span class='ocrx_word' id='word_1_805' title='bbox 2037 4494 2371 4562; x_wconf 86' lang='lat' dir='ltr'><strong>spiritualiter</strong></span> <span class='ocrx_word' id='word_1_806' title='bbox 2389 4487 2630 4543; x_wconf 86' lang='lat' dir='ltr'><strong>revelatis</strong></span> <span class='ocrx_word' id='word_1_807' title='bbox 2651 4485 2816 4539; x_wconf 80' lang='lat' dir='ltr'><strong>oculis</strong></span> <span class='ocrx_word' id='word_1_808' title='bbox 2836 4487 3025 4538; x_wconf 89' lang='lat' dir='ltr'><strong>mentis</strong></span> <span class='ocrx_word' id='word_1_809' title='bbox 3047 4488 3342 4554; x_wconf 60' lang='lat' dir='ltr'><strong>perspici-rc</strong></span> 
     </span>
    </p>
   </div>
   <div class='ocr_carea' id='block_1_108' title="bbox 1810 4572 3326 4658">
    <p class='ocr_par' dir='ltr' id='par_1_108' title="bbox 1810 4572 3326 4658">
     <span class='ocr_line' id='line_1_108' title="bbox 1810 4572 3326 4658; baseline -0.012 -19"><span class='ocrx_word' id='word_1_810' title='bbox 1810 4598 2036 4658; x_wconf 86' lang='lat' dir='ltr'><strong>possent.</strong></span> <span class='ocrx_word' id='word_1_811' title='bbox 2071 4587 2172 4637; x_wconf 80' lang='lat' dir='ltr'><strong>Sed</strong></span> <span class='ocrx_word' id='word_1_812' title='bbox 2202 4592 2251 4634; x_wconf 89' lang='lat' dir='ltr'><strong>et</strong></span> <span class='ocrx_word' id='word_1_813' title='bbox 2278 4578 2448 4632; x_wconf 89' lang='lat' dir='ltr'><strong>omnis</strong></span> <span class='ocrx_word' id='word_1_814' title='bbox 2473 4575 2640 4627; x_wconf 89' lang='lat' dir='ltr'><strong>scribo</strong></span> <span class='ocrx_word' id='word_1_815' title='bbox 2671 4573 2853 4624; x_wconf 86' lang='lat' dir='ltr'><strong>doctus</strong></span> <span class='ocrx_word' id='word_1_816' title='bbox 2897 4572 2948 4623; x_wconf 90' lang='lat' dir='ltr'><strong>iu</strong></span> <span class='ocrx_word' id='word_1_817' title='bbox 2991 4588 3150 4638; x_wconf 84' lang='lat' dir='ltr'><strong>regno</strong></span> <span class='ocrx_word' id='word_1_818' title='bbox 3177 4574 3326 4624; x_wconf 69' lang='lat' dir='ltr'><strong>ctelu.</strong></span> 
     </span>
    </p>
   </div>
   <div class='ocr_carea' id='block_1_109' title="bbox 1809 4661 3341 4741">
    <p class='ocr_par' dir='ltr' id='par_1_109' title="bbox 1809 4661 3341 4741">
     <span class='ocr_line' id='line_1_109' title="bbox 1809 4661 3341 4741; baseline -0.01 -12"><span class='ocrx_word' id='word_1_819' title='bbox 1809 4677 2088 4741; x_wconf 87' lang='lat' dir='ltr'><strong>rutn,&#39;cum</strong></span> <span class='ocrx_word' id='word_1_820' title='bbox 2119 4691 2177 4726; x_wconf 86' lang='lat' dir='ltr'><strong>ea</strong></span> <span class='ocrx_word' id='word_1_821' title='bbox 2206 4685 2320 4736; x_wconf 72' lang='lat' dir='ltr'><strong>qum</strong></span> <span class='ocrx_word' id='word_1_822' title='bbox 2352 4669 2401 4719; x_wconf 89' lang='lat' dir='ltr'><strong>in</strong></span> <span class='ocrx_word' id='word_1_823' title='bbox 2435 4664 2620 4716; x_wconf 87' lang='lat' dir='ltr'><strong>litteris</strong></span> <span class='ocrx_word' id='word_1_824' title='bbox 2647 4661 2844 4714; x_wconf 84' lang='lat' dir='ltr'><strong>sanctis</strong></span> <span class='ocrx_word' id='word_1_825' title='bbox 2869 4661 2934 4712; x_wconf 89' lang='lat' dir='ltr'><strong>de</strong></span> <span class='ocrx_word' id='word_1_826' title='bbox 2966 4662 3065 4713; x_wconf 89' lang='lat' dir='ltr'><strong>lide</strong></span> <span class='ocrx_word' id='word_1_827' title='bbox 3086 4662 3341 4714; x_wconf 59' lang='lat' dir='ltr'><strong>catholica</strong></span> 
     </span>
    </p>
   </div>
   <div class='ocr_carea' id='block_1_110' title="bbox 1807 4753 3343 4837">
    <p class='ocr_par' dir='ltr' id='par_1_110' title="bbox 1807 4753 3343 4837">
     <span class='ocr_line' id='line_1_110' title="bbox 1807 4753 3343 4837; baseline -0.013 -13"><span class='ocrx_word' id='word_1_828' title='bbox 1807 4774 1886 4824; x_wconf 88' lang='lat' dir='ltr'><strong>vel</strong></span> <span class='ocrx_word' id='word_1_829' title='bbox 1922 4771 2000 4837; x_wconf 88' lang='lat' dir='ltr'><strong>pia</strong></span> <span class='ocrx_word' id='word_1_830' title='bbox 2050 4768 2252 4819; x_wconf 85' lang='lat' dir='ltr'><strong>actione</strong></span> <span class='ocrx_word' id='word_1_831' title='bbox 2280 4756 2544 4819; x_wconf 79' lang='lat' dir='ltr'><strong>didicerit,</strong></span> <span class='ocrx_word' id='word_1_832' title='bbox 2570 4765 2620 4807; x_wconf 90' lang='lat' dir='ltr'><strong>et</strong></span> <span class='ocrx_word' id='word_1_833' title='bbox 2650 4754 2762 4820; x_wconf 89' lang='lat' dir='ltr'><strong>ipse</strong></span> <span class='ocrx_word' id='word_1_834' title='bbox 2785 4753 3059 4819; x_wconf 81' lang='lat' dir='ltr'><strong>diligenter</strong></span> <span class='ocrx_word' id='word_1_835' title='bbox 3086 4753 3266 4819; x_wconf 87' lang='lat' dir='ltr'><strong>sequi,</strong></span> <span class='ocrx_word' id='word_1_836' title='bbox 3289 4766 3343 4804; x_wconf 86' lang='lat' dir='ltr'><strong>et</strong></span> 
     </span>
    </p>
   </div>
   <div class='ocr_carea' id='block_1_111' title="bbox 1807 4841 3345 4922">
    <p class='ocr_par' dir='ltr' id='par_1_111' title="bbox 1807 4841 3345 4922">
     <span class='ocr_line' id='line_1_111' title="bbox 1807 4841 3345 4922; baseline -0.014 -10"><span class='ocrx_word' id='word_1_837' title='bbox 1807 4863 1934 4912; x_wconf 84' lang='lat' dir='ltr'><strong>alios</strong></span> <span class='ocrx_word' id='word_1_838' title='bbox 1956 4860 2146 4910; x_wconf 86' lang='lat' dir='ltr'><strong>docere</strong></span> <span class='ocrx_word' id='word_1_839' title='bbox 2169 4849 2485 4922; x_wconf 74' lang='lat' dir='ltr'><strong>prmcipitur,</strong></span> <span class='ocrx_word' id='word_1_840' title='bbox 2503 4842 2624 4911; x_wconf 88' lang='lat' dir='ltr'><strong>quid</strong></span> <span class='ocrx_word' id='word_1_841' title='bbox 2652 4841 2787 4893; x_wconf 88' lang='lat' dir='ltr'><strong>aliud</strong></span> <span class='ocrx_word' id='word_1_842' title='bbox 2813 4856 2969 4905; x_wconf 80' lang='lat' dir='ltr'><strong>quam</strong></span> <span class='ocrx_word' id='word_1_843' title='bbox 3014 4841 3270 4906; x_wconf 84' lang='lat' dir='ltr'><strong>inspicere</strong></span> <span class='ocrx_word' id='word_1_844' title='bbox 3292 4850 3345 4892; x_wconf 85' lang='lat' dir='ltr'><strong>et</strong></span> 
     </span>
    </p>
   </div>
   <div class='ocr_carea' id='block_1_112' title="bbox 1810 4932 3344 5006">
    <p class='ocr_par' dir='ltr' id='par_1_112' title="bbox 1810 4932 3344 5006">
     <span class='ocr_line' id='line_1_112' title="bbox 1810 4932 3344 5006; baseline -0.019 0"><span class='ocrx_word' id='word_1_845' title='bbox 1810 4956 1976 5006; x_wconf 83' lang='lat' dir='ltr'><strong>facere</strong></span> <span class='ocrx_word' id='word_1_846' title='bbox 2003 4945 2286 5001; x_wconf 84' lang='lat' dir='ltr'><strong>secundum</strong></span> <span class='ocrx_word' id='word_1_847' title='bbox 2310 4937 2578 5004; x_wconf 80' lang='lat' dir='ltr'><strong>exemplar</strong></span> <span class='ocrx_word' id='word_1_848' title='bbox 2601 4932 2736 5002; x_wconf 86' lang='lat' dir='ltr'><strong>quod</strong></span> <span class='ocrx_word' id='word_1_849' title='bbox 2762 4933 2858 4984; x_wconf 85' lang='lat' dir='ltr'><strong>sibi</strong></span> <span class='ocrx_word' id='word_1_850' title='bbox 2885 4932 2932 4983; x_wconf 90' lang='lat' dir='ltr'><strong>in</strong></span> <span class='ocrx_word' id='word_1_851' title='bbox 2964 4940 3136 4983; x_wconf 91' lang='lat' dir='ltr'><strong>monte</strong></span> <span class='ocrx_word' id='word_1_852' title='bbox 3165 4938 3344 4983; x_wconf 78' lang='lat' dir='ltr'><strong>osten-</strong></span> 
     </span>
    </p>
   </div>
   <div class='ocr_carea' id='block_1_113' title="bbox 1808 5020 3344 5107">
    <p class='ocr_par' dir='ltr' id='par_1_113' title="bbox 1808 5020 3344 5107">
     <span class='ocr_line' id='line_1_113' title="bbox 1808 5020 3344 5107; baseline -0.018 -11"><span class='ocrx_word' id='word_1_853' title='bbox 1808 5061 1920 5098; x_wconf 90' lang='lat' dir='ltr'><strong>sum</strong></span> <span class='ocrx_word' id='word_1_854' title='bbox 1947 5050 2057 5102; x_wconf 88' lang='lat' dir='ltr'><strong>est,</strong></span> <span class='ocrx_word' id='word_1_855' title='bbox 2085 5034 2327 5107; x_wconf 87' lang='lat' dir='ltr'><strong>jubetur?</strong></span> <span class='ocrx_word' id='word_1_856' title='bbox 2355 5027 2564 5099; x_wconf 87' lang='lat' dir='ltr'><strong>Inspicit</strong></span> <span class='ocrx_word' id='word_1_857' title='bbox 2603 5025 2740 5080; x_wconf 89' lang='lat' dir='ltr'><strong>enim</strong></span> <span class='ocrx_word' id='word_1_858' title='bbox 2773 5023 3046 5090; x_wconf 80' lang='lat' dir='ltr'><strong>diligenter</strong></span> <span class='ocrx_word' id='word_1_859' title='bbox 3078 5020 3344 5084; x_wconf 77' lang='lat' dir='ltr'><strong>exemplar</strong></span> 
     </span>
    </p>
   </div>
   <div class='ocr_carea' id='block_1_114' title="bbox 1810 5107 3343 5189">
    <p class='ocr_par' dir='ltr' id='par_1_114' title="bbox 1810 5107 3343 5189">
     <span class='ocr_line' id='line_1_114' title="bbox 1810 5107 3343 5189; baseline -0.019 -4"><span class='ocrx_word' id='word_1_860' title='bbox 1810 5139 2154 5185; x_wconf 86' lang='lat' dir='ltr'><strong>monstratum</strong></span> <span class='ocrx_word' id='word_1_861' title='bbox 2177 5168 2189 5189; x_wconf 85' lang='lat'><strong>,</strong></span> <span class='ocrx_word' id='word_1_862' title='bbox 2213 5139 2263 5178; x_wconf 89' lang='lat' dir='ltr'><strong>et</strong></span> <span class='ocrx_word' id='word_1_863' title='bbox 2293 5119 2576 5178; x_wconf 85' lang='lat' dir='ltr'><strong>seettnduin</strong></span> <span class='ocrx_word' id='word_1_864' title='bbox 2624 5118 2720 5168; x_wconf 85' lang='lat' dir='ltr'><strong>lutc</strong></span> <span class='ocrx_word' id='word_1_865' title='bbox 2765 5112 2828 5165; x_wconf 84' lang='lat' dir='ltr'><strong>ad</strong></span> <span class='ocrx_word' id='word_1_866' title='bbox 2860 5109 3100 5163; x_wconf 81' lang='lat' dir='ltr'><strong>inferiora</strong></span> <span class='ocrx_word' id='word_1_867' title='bbox 3132 5107 3343 5159; x_wconf 82' lang='lat' dir='ltr'><strong>rediens</strong></span> 
     </span>
    </p>
   </div>
   <div class='ocr_carea' id='block_1_115' title="bbox 1814 5199 3344 5292">
    <p class='ocr_par' dir='ltr' id='par_1_115' title="bbox 1814 5199 3344 5292">
     <span class='ocr_line' id='line_1_115' title="bbox 1814 5199 3344 5292; baseline -0.022 -13"><span class='ocrx_word' id='word_1_868' title='bbox 1814 5228 1953 5284; x_wconf 81' lang='lat' dir='ltr'><strong>facit,</strong></span> <span class='ocrx_word' id='word_1_869' title='bbox 1980 5222 2188 5292; x_wconf 86' lang='lat' dir='ltr'><strong>quando</strong></span> <span class='ocrx_word' id='word_1_870' title='bbox 2209 5234 2267 5272; x_wconf 88' lang='lat' dir='ltr'><strong>ea</strong></span> <span class='ocrx_word' id='word_1_871' title='bbox 2297 5233 2412 5286; x_wconf 80' lang='lat' dir='ltr'><strong>qua:</strong></span> <span class='ocrx_word' id='word_1_872' title='bbox 2444 5229 2534 5280; x_wconf 91' lang='lat' dir='ltr'><strong>per</strong></span> <span class='ocrx_word' id='word_1_873' title='bbox 2561 5209 2935 5263; x_wconf 88' lang='lat' dir='ltr'><strong>sublimitatem</strong></span> <span class='ocrx_word' id='word_1_874' title='bbox 2964 5199 3121 5252; x_wconf 88' lang='lat' dir='ltr'><strong>divini</strong></span> <span class='ocrx_word' id='word_1_875' title='bbox 3145 5214 3344 5251; x_wconf 82' lang='lat' dir='ltr'><strong>sertun-</strong></span> 
     </span>
    </p>
   </div>
   <div class='ocr_carea' id='block_1_116' title="bbox 1812 5288 3345 5372">
    <p class='ocr_par' dir='ltr' id='par_1_116' title="bbox 1812 5288 3345 5372">
     <span class='ocr_line' id='line_1_116' title="bbox 1812 5288 3345 5372; baseline -0.022 0"><span class='ocrx_word' id='word_1_876' title='bbox 1812 5321 1894 5372; x_wconf 87' lang='lat' dir='ltr'><strong>nis</strong></span> <span class='ocrx_word' id='word_1_877' title='bbox 1917 5288 2051 5369; x_wconf 77' lang='lat' dir='ltr'><strong>intus</strong></span> <span class='ocrx_word' id='word_1_878' title='bbox 2072 5311 2327 5366; x_wconf 71' lang='lat' dir='ltr'><strong>credenda</strong></span> <span class='ocrx_word' id='word_1_879' title='bbox 2351 5308 2459 5360; x_wconf 86' lang='lat' dir='ltr'><strong>sive</strong></span> <span class='ocrx_word' id='word_1_880' title='bbox 2481 5301 2675 5371; x_wconf 85' lang='lat' dir='ltr'><strong>agendo</strong></span> <span class='ocrx_word' id='word_1_881' title='bbox 2700 5295 2956 5358; x_wconf 83' lang='lat' dir='ltr'><strong>intelligit,</strong></span> <span class='ocrx_word' id='word_1_882' title='bbox 2980 5288 3160 5341; x_wconf 88' lang='lat' dir='ltr'><strong>sedulo</strong></span> <span class='ocrx_word' id='word_1_883' title='bbox 3186 5289 3345 5339; x_wconf 85' lang='lat' dir='ltr'><strong>corde</strong></span> 
     </span>
    </p>
   </div>
   <div class='ocr_carea' id='block_1_117' title="bbox 1809 5378 3347 5465">
    <p class='ocr_par' dir='ltr' id='par_1_117' title="bbox 1809 5378 3347 5465">
     <span class='ocr_line' id='line_1_117' title="bbox 1809 5378 3347 5465; baseline -0.025 1"><span class='ocrx_word' id='word_1_884' title='bbox 1809 5418 2070 5465; x_wconf 77' lang='lat' dir='ltr'><strong>scrutatur</strong></span> <span class='ocrx_word' id='word_1_885' title='bbox 2101 5421 2114 5455; x_wconf 88' lang='lat'>:</span> <span class='ocrx_word' id='word_1_886' title='bbox 2150 5405 2436 5465; x_wconf 82' lang='lat' dir='ltr'><strong>horamque</strong></span> <span class='ocrx_word' id='word_1_887' title='bbox 2476 5406 2682 5457; x_wconf 89' lang='lat' dir='ltr'><strong>semper</strong></span> <span class='ocrx_word' id='word_1_888' title='bbox 2719 5382 2986 5449; x_wconf 86' lang='lat' dir='ltr'><strong>exemplar</strong></span> <span class='ocrx_word' id='word_1_889' title='bbox 3025 5378 3347 5430; x_wconf 88' lang='lat' dir='ltr'><strong>auditoribus</strong></span> 
     </span>
    </p>
   </div>
   <div class='ocr_carea' id='block_1_118' title="bbox 1808 5467 3346 5555">
    <p class='ocr_par' dir='ltr' id='par_1_118' title="bbox 1808 5467 3346 5555">
     <span class='ocr_line' id='line_1_118' title="bbox 1808 5467 3346 5555; baseline -0.029 1"><span class='ocrx_word' id='word_1_890' title='bbox 1808 5505 1918 5555; x_wconf 77' lang='lat' dir='ltr'><strong>Suis</strong></span> <span class='ocrx_word' id='word_1_891' title='bbox 1939 5508 1988 5548; x_wconf 81' lang='lat' dir='ltr'><strong>et</strong></span> <span class='ocrx_word' id='word_1_892' title='bbox 2004 5494 2335 5548; x_wconf 77' lang='lat' dir='ltr'><strong>exsecutione</strong></span> <span class='ocrx_word' id='word_1_893' title='bbox 2359 5485 2481 5539; x_wconf 88' lang='lat' dir='ltr'><strong>recti</strong></span> <span class='ocrx_word' id='word_1_894' title='bbox 2501 5478 2750 5548; x_wconf 86' lang='lat' dir='ltr'><strong>operis,et</strong></span> <span class='ocrx_word' id='word_1_895' title='bbox 2768 5473 2929 5526; x_wconf 86' lang='lat' dir='ltr'><strong>verbo</strong></span> <span class='ocrx_word' id='word_1_896' title='bbox 2945 5467 3188 5522; x_wconf 77' lang='lat' dir='ltr'><strong>doctrinm</strong></span> <span class='ocrx_word' id='word_1_897' title='bbox 3211 5470 3346 5517; x_wconf 82' lang='lat' dir='ltr'><strong>sa&#39;u-</strong></span> 
     </span>
    </p>
   </div>
   <div class='ocr_carea' id='block_1_119' title="bbox 1812 5557 3349 5646">
    <p class='ocr_par' dir='ltr' id='par_1_119' title="bbox 1812 5557 3349 5646">
     <span class='ocr_line' id='line_1_119' title="bbox 1812 5557 3349 5646; baseline -0.027 -1"><span class='ocrx_word' id='word_1_898' title='bbox 1812 5591 1935 5645; x_wconf 83' lang='lat' dir='ltr'><strong>toris</strong></span> <span class='ocrx_word' id='word_1_899' title='bbox 1963 5583 2220 5644; x_wconf 64' lang='lat' dir='ltr'><strong>ostendt;</strong></span> <span class='ocrx_word' id='word_1_900' title='bbox 2253 5578 2337 5646; x_wconf 90' lang='lat' dir='ltr'><strong>qui</strong></span> <span class='ocrx_word' id='word_1_901' title='bbox 2370 5575 2494 5628; x_wconf 87' lang='lat' dir='ltr'><strong>vivit</strong></span> <span class='ocrx_word' id='word_1_902' title='bbox 2523 5580 2576 5626; x_wconf 88' lang='lat' dir='ltr'><strong>et</strong></span> <span class='ocrx_word' id='word_1_903' title='bbox 2604 5578 2781 5636; x_wconf 83' lang='lat' dir='ltr'><strong>regnat</strong></span> <span class='ocrx_word' id='word_1_904' title='bbox 2811 5579 2926 5616; x_wconf 87' lang='lat' dir='ltr'><strong>cum</strong></span> <span class='ocrx_word' id='word_1_905' title='bbox 2957 5561 3106 5612; x_wconf 79' lang='lat' dir='ltr'><strong>Patre</strong></span> <span class='ocrx_word' id='word_1_906' title='bbox 3133 5568 3184 5609; x_wconf 90' lang='lat' dir='ltr'><strong>et</strong></span> <span class='ocrx_word' id='word_1_907' title='bbox 3219 5557 3349 5608; x_wconf 78' lang='lat' dir='ltr'><strong>Filio</strong></span> 
     </span>
    </p>
   </div>
   <div class='ocr_carea' id='block_1_120' title="bbox 1813 5653 3326 5744">
    <p class='ocr_par' dir='ltr' id='par_1_120' title="bbox 1813 5653 3326 5744">
     <span class='ocr_line' id='line_1_120' title="bbox 1813 5653 3326 5744; baseline -0.027 -5"><span class='ocrx_word' id='word_1_908' title='bbox 1813 5703 1910 5740; x_wconf 85' lang='lat' dir='ltr'><strong>una</strong></span> <span class='ocrx_word' id='word_1_909' title='bbox 1933 5696 2050 5736; x_wconf 85' lang='lat' dir='ltr'><strong>cum</strong></span> <span class='ocrx_word' id='word_1_910' title='bbox 2078 5676 2274 5744; x_wconf 84' lang='lat' dir='ltr'><strong>Spiritu</strong></span> <span class='ocrx_word' id='word_1_911' title='bbox 2302 5679 2505 5734; x_wconf 82' lang='lat' dir='ltr'><strong>sancto,</strong></span> <span class='ocrx_word' id='word_1_912' title='bbox 2524 5666 2574 5720; x_wconf 89' lang='lat' dir='ltr'><strong>itt</strong></span> <span class='ocrx_word' id='word_1_913' title='bbox 2598 5664 2784 5717; x_wconf 61' lang='lat' dir='ltr'><strong>saecula</strong></span> <span class='ocrx_word' id='word_1_914' title='bbox 2809 5656 3133 5710; x_wconf 56' lang='lat' dir='ltr'><strong>somniorum.</strong></span> <span class='ocrx_word' id='word_1_915' title='bbox 3163 5653 3326 5701; x_wconf 83' lang='lat' dir='ltr'><strong>Amen</strong></span> 
     </span>
    </p>
   </div>
  </div>
