3898 6260
976 333 1175 390 ΒΕὓΛΞ
1219 332 1664 393 VENERABILIS
1704 336 1981 395 OPERUM

2116 337 2201 395 BS
2238 338 2299 394 ll.
2334 370 2402 380 —
2430 341 2813 399 EXEGETIC.‘
2853 344 3174 406 GENCINA.

1861 483 3693 519 -Ὴ

1492 652 1499 657 .
1556 597 1894 678 LIBER
1969 550 2622 683 SECUNDUS.

984 818 1203 883 C.\_PUT
1244 821 1521 876 PRIMUM.

782 910 1112 963 Tabcruai‘ult
1143 922 1188 964 et
1217 914 1391 980 templi
1420 913 1706 982 descriptio.

542 998 940 1053 Tubernacnlum
964 1014 1075 1051 vero
1102 1002 1175 1052 ita
1212 1000 1316 1068 fiet.
1341 1002 1759 1055 'l‘abernaculttm
1786 1016 1815 1055 a
1840 1002 2022 1073 Moyse

471 1096 661 1146 factum
715 1093 765 1143 iu
814 1092 1131 1152 solitudine,
1176 1093 1309 1145 sicut
1337 1101 1392 1145 ct
1435 1094 1687 1160 templum
1727 1098 1865 1162 quod
1899 1092 2021 1148 fecit

469 1182 719 1234 Salomon
759 1180 809 1233 in
843 1181 1165 1234 Hierusalem
1193 1220 1208 1244 ,
1240 1192 1437 1235 statum
1468 1194 1667 1237 sancta:
1701 1184 2019 1238 universalis

472 1270 720 1324 Ecclesiae
750 1272 1007 1339 designat,
1038 1287 1153 1338 qtuc
1185 1272 1370 1339 partim
1394 1271 1501 1339 jam
1530 1288 1647 1325 cum
1685 1275 1906 1326 Domino
1936 1290 2020 1327 re-

466 1371 589 1431 gnat
612 1362 661 1413 in
690 1362 1090 1430 cmlis,.partim
1125 1363 1173 1413 in
1206 1362 1453 1429 praesenti
1496 1364 1669 1417 adbuc
1700 1365 1826 1429 vita,
1858 1365 2015 1417 dece-

465 1452 710 1508 dentibus
732 1466 791 1505 ac
816 1451 1216 1506 succedentibus
1232 1452 1330 1504 sibi
1357 1453 1609 1505 membris
1631 1453 1761 1520 suis,
1790 1453 2019 1520 peregri-

465 1552 618 1616 natur
636 1558 665 1595 a
690 1543 928 1596 Domino.
948 1543 1012 1596 Et
1026 1543 1233 1610 quidem
1259 1544 1309 1595 in
1333 1545 1601 1612 utriusque
1621 1544 2018 1597 constructione

466 1633 676 1696 domus,
704 1633 814 1685 lucc
848 1632 1148 1700 principalis
1192 1632 1330 1686 solet
1371 1646 1492 1686 esse
1535 1632 1785 1684 (IlSlanlitI
1831 1631 2019 1698 ligni-a-

465 1738 605 1785 rum,
637 1721 1193 1789 quod_tabernai-n|um
1223 1722 1498 1788 praesentis
1526 1720 1805 1774 aedilicium
1840 1720 2019 1773 Eccle-

466 1816 587 1877 siue,
616 1830 718 1882 quo
758 1814 992 1882 quotidie
1025 1812 1077 1864 iu
1107 1813 1374 1865 laboribus
1414 1821 1692 1865 exercetur
1714 1852 1728 1876 ,
1763 1811 2015 1877 templum

464 1904 652 1957 futura:
686 1904 913 1968 requiem
946 1902 1201 1965 designat,
1234 1916 1350 1965 qua:
1383 1899 1685 1967 quotidiana
1718 1898 2014 1951 animarum

467 1994 587 2047 ltittc
617 2002 731 2060 post
768 1994 972 2045 labores
1026 1992 1329 2043 exeuntium
1379 1989 1679 2057 reCeplione
1711 1988 2012 2055 perlicitur;

464 2090 586 2155 quia
619 2087 860 2138 nimirmu
896 2083 1290 2138 tabernaculum
1322 2083 1529 2152 Moyses
1555 2098 1672 2133 cum
1702 2082 1891 2148 populo
1925 2082 2011 2134 Dei

2054 827 2101 885 Α
2130 838 2256 879 vero
2288 826 2536 882 Ecclesia:
2565 842 2797 885 rectores
2831 834 2981 900 primi
3020 836 3233 904 quidem
3281 837 3435 895 fuere
3481 841 3550 897 de
3588 843 3695 898 lle-

2125 912 2285 969 brmis
2312 934 2323 967 :
2355 932 2537 971 verum
2571 934 2693 973 mox
2725 933 3000 978 crescente
3022 940 3083 979 ea
3112 940 3175 981 ac
3212 927 3434 983 dilatata
3478 946 3575 999 per
3607 950 3692 987 or-

2124 1005 2264 1068 bein,
2291 1010 2449 1060 etiam
2479 1009 2546 1062 de
2568 1012 2812 1079 gentibus
2845 1025 3136 1070 structores
3163 1029 3289 1072 sunt
3315 1021 3437 1088 ejus
3475 1026 3651 1078 exorti
3676 1066 3691 1089 ,

2122 1095 2255 1147 adeo
2279 1107 2333 1149 nt
2362 1096 2476 1165 ipse
2504 1113 2711 1168 quoque
2738 1105 3057 1171 evangelista
3084 1106 3273 1175 Lucas,
3292 1119 3348 1163 et
3370 1111 3686 1168 Timotheus

2120 1197 2183 1235 ac
2212 1185 2379 1249 'l‘itus,
2415 1187 2509 1240 viri
2539 1193 2815 1256 apostolici
2860 1196 2928 1247 de
2975 1199 3252 1253 vocatione
3300 1206 3541 1269 gentium
3574 1242 3589 1258 .
3622 1207 3685 1257 ad

2123 1275 2458 1339 praesulatum
2491 1277 2607 1345 ejus
2658 1282 3012 1345 pervenerint.
3047 1284 3240 1338 Verum
3289 1288 3333 1339 si
3378 1290 3687 1358 diligentius

2119 1364 2323 1427 singula
2356 1366 2732 1434 inspiciamus,
2766 1372 3039 1441 utriusque
3067 1374 3257 1429 donius
3283 1378 3440 1431 aedii
3463 1393 3575 1434 atto
3608 1392 3685 1434 to-

2122 1446 2223 1505 tius
2253 1456 2502 1510 Ecciesiie
2543 1462 2821 1525 prmseutis
2872 1472 3065 1517 statum
3114 1470 3335 1536 mystice
3389 1472 3681 1538 describit,

2117 1556 2234 1607 qua:
2263 1542 2330 1594 ab
2360 1542 2508 1595 initio
2549 1548 2828 1606 mundanae
2870 1550 3191 1607 conditionis
3242 1572 3408 1623 usque
3451 1564 3519 1614 ad
3558 1564 3681 1615 ulti-

2120 1643 2260 1680 tnum
2291 1630 2378 1695 qtti
2411 1632 2461 1683 in
2492 1632 2594 1686 ﬁne
2614 1636 2795 1687 satculi
2823 1641 3124 1693 nasciturus
3149 1654 3232 1695 est
3261 1647 3518 1714 electum,
3545 1669 3684 1705 sem.

2120 1732 2213 1784 per
2237 1718 2481 1773 aediﬁcari
2513 1736 2615 1774 non
2646 1719 2840 1777 desinit
2870 1742 2882 1778 :
2922 1737 2977 1781 et
3004 1732 3193 1783 l’uturm
3226 1749 3438 1802 quoque
3466 1742 3683 1806 gloriam

2118 1821 2259 1869 Viue,
2291 1823 2389 1875 qua
2415 1825 2552 1863 nunc
2579 1826 2639 1864 ex
2674 1826 2820 1880 parte
2852 1817 3063 1881 fruitur,
3096 1820 3189 1873 sed
3235 1834 3354 1891 post
3391 1826 3548 1895 hujus
3574 1839 3681 1882 ter-

2118 1900 2317 1952 minum
2360 1899 2573 1964 saeculi,
2622 1901 2670 1953 in
2719 1904 2963 1958 omnibus
2992 1906 3099 1961 suis
3146 1915 3407 1967 membris
3439 1916 3492 1968 in
3523 1933 3681 1970 21er-

2118 2007 2242 2043 tnun
2284 1992 2504 2045 lruitura
2553 2003 2666 2059 est,
2716 1994 2943 2048 mirabili
2985 1994 3277 2064 ﬁgurarum
3324 2004 3550 2059 veritate
3590 2007 3679 2060 de-

2118 2079 2299 2146 pingit.
2358 2079 2506 2133 Unde
2547 2095 2642 2134 nos
2690 2082 2863 2150 aliqua
2920 2082 2988 2136 de
3034 2085 3415 2156 tabernaculo,
3461 2092 3680 2147 Domino

462 2176 515 2230 in
548 2178 625 2226 vi“
656 2174 826 2226 adhuc
854 2174 1083 2240 positus,
1121 2186 1220 2239 qua
1252 2171 1315 2222 ad
1351 2180 1545 2223 terram
1590 2168 2012 2237 repromissionis
2043 2170 2087 2229 Β
2115 2169 2403 2241 opitulante
2429 2209 2444 2231 ,
2499 2170 2690 2224 dicturi
2717 2210 2731 2235 ,
2796 2171 3024 2241 primum
3088 2177 3264 2243 Ipsum
3333 2181 3639 2239 invocantes
3661 2229 3673 2249 ,

463 2266 729 2335 pergebat,
761 2261 1031 2314 condidit:
1064 2260 1313 2313 Salomon
1358 2269 1533 2312 autem
1578 2257 1868 2323 templum,
1900 2258 2015 2325 ipsa

464 2366 600 2421 terra
629 2349 1070 2415 repromissionis,
1099 2358 1151 2401 et
1180 2362 1340 2416 regno
1364 2347 1415 2400 in
1440 2362 1501 2401 ea
1530 2350 1744 2414 potitus,
1767 2354 2015 2399 constru-

464 2445 555 2495 xit.
607 2442 808 2509 Moyses
862 2440 1248 2492 tabernaCitlutn
1308 2438 1357 2491 in
1412 2437 1714 2501 solitudine,
1759 2437 2009 2491 Salomon

462 2532 709 2598 ιυηηιιιιιιι
760 2531 809 2581 ἰιι
867 2530 1229 2591 Ιιίυτιιεειιιιιιι,
1281 2544 1398 2595 qua:
1450 2528 1830 2593 interpretatur
1885 2526 2016 2578 visio

463 2625 636 2690 pacis;
665 2620 912 2687 quoniam
964 2617 1048 2668 hic
1096 2615 1305 2681 quidem
1356 2614 1588 2667 Ecclesia
1640 2614 1692 2666 in
1739 2613 1920 2667 labore
1962 2620 2017 2665 et

464 2724 698 2764 a-rntuna
729 2709 848 2761 vitze
880 2705 1128 2768 labentis,
1162 2703 1214 2757 in
1247 2704 1334 2756 siti
1366 2714 1418 2757 et
1445 2704 1617 2757 csurie
1649 2702 1793 2772 regni
1825 2718 2013 2771 percu-

462 2807 541 2855 nis
569 2801 894 2854 :cdilicatur:
929 2798 1035 2851 illic
1065 2805 1237 2849 autem
1272 2795 1325 2848 in
1358 2796 1561 2848 visione
1592 2810 1653 2849 ac
1676 2795 2013 2863 perceptione

462 2904 601 2942 vera:
628 2888 768 2957 pacis
797 2894 1214 2941 consummatur.
1246 2884 1397 2939 Unde
1426 2885 1565 2939 bene
1592 2885 1643 2937 itt
1675 2888 1852 2952 templi
1882 2901 2011 2938 cono

461 2980 744 3032 structione
772 2977 965 3029 dictum
994 2984 1098 3037 est,
1127 2974 1265 3043 quod
1298 2974 1519 3026 malleus
1565 2981 1620 3028 et
1665 2974 1871 3027 Securis
1895 3013 1910 3038 ,
1960 2982 2014 3027 et

465 3082 625 3122 etnne
651 3065 1023 3120 ferramentum
1054 3079 1156 3116 non
1184 3073 1308 3116 sunt
1335 3062 1510 3116 auditu
1540 3064 1590 3116 in
1620 3077 1706 3127 eo,
1734 3078 1854 3117 cum
1883 3064 2011 3117 tedi-

463 3160 727 3223 licaretur,
762 3157 1066 3225 pricparatis
1096 3165 1242 3207 extra
1276 3153 1602 3208 Hierusalem
1646 3157 1850 3209 cunctis
1883 3156 2014 3222 lapi-

462 3250 616 3303 dibus
640 3262 701 3301 ac
729 3246 881 3315 lignis
904 3286 917 3309 ,
950 3252 1103 3312 atque
1134 3245 1184 3296 in
1214 3244 1527 3310 positionem
1573 3242 1773 3296 ordinis
1800 3244 1882 3296 sui
1921 3244 2014 3295 de-

462 3350 641 3395 center
667 3346 836 3405 aptata
862 3349 979 3389 esse
1023 3352 1037 3388 :
1067 3350 1181 3399 qua:
1212 3334 1278 3386 ibi
1325 3334 1568 3386 facillime
1608 3343 1764 3401 atque
1805 3334 2011 3386 indubi-

464 3442 635 3485 tanter
663 3443 761 3484 suo
787 3443 1005 3497 quaeque
1028 3428 1143 3479 loco
1164 3409 1361 3479 reddita
1386 3465 1401 3491 ,
1434 3433 1525 3477 aut
1552 3434 1793 3477 centento
1838 3435 2011 3477 uecte-

2117 2258 2301 2311 bnmili
2354 2261 2515 2312 etiam
2563 2275 2757 2326 prece,
2805 2263 3143 2329 deposcimus
3202 2270 3431 2323 revelari
3498 2278 3678 2327 oculos

2114 2350 2290 2403 cordis
2345 2350 2549 2413 nostri,
2591 2359 2665 2423 ait
2714 2352 3054 2407 considerare
3104 2371 3364 2423 queamus
3420 2364 3675 2416 mirabilia

2114 2439 2179 2492 de
2209 2441 2321 2506 lege
2343 2439 2479 2507 ejus,
2505 2449 2559 2493 et
2587 2442 2636 2507 iu
2667 2443 3081 2508 perniciosorum
3116 2450 3309 2504 decore
3346 2455 3673 2507 metallorum

2114 2544 2176 2583 ac
2205 2529 2633 2584 vestimentorum
2687 2532 3035 2602 intelligamus
3081 2548 3325 2595 ornatum
3385 2546 3540 2597 nobis
3569 2562 3674 2597 ηιθ-

2116 2637 2250 2686 rutn,
2279 2621 2379 2675 lide
2403 2638 2463 2675 ac
2492 2623 2771 2677 devotiOnc
2799 2623 3109 2694 fulgentium
3134 2668 3149 2691 ,
3180 2645 3301 2685 esse
3334 2637 3675 2689 continendi-

2116 2720 2247 2764 tum.
2275 2711 2454 2781 Neque
2475 2714 2614 2766 enim
2645 2716 2794 2767 nobis
2824 2717 2977 2770 aliter
3004 2734 3181 2773 sermo
3222 2721 3315 2776 ille
3357 2728 3670 2790 aposmlirtts

2116 2810 2282 2868 potest
2306 2802 2606 2867 convenire,
2634 2819 2738 2871 quo
2762 2806 2837 2857 ait
2861 2822 2873 2856 :
2898 2804 2998 2860 Vos
3019 2810 3152 2861 enim
3178 2812 3294 2863 estis
3316 2814 3562 2877 templum
3586 2814 3673 2868 Dei

2112 2891 2206 2943 vivi
2234 2888 2318 2956 (ll
2342 2890 2459 2943 Cur.
2488 2892 2561 2959 vi)
2581 2930 2593 2954 ,
2621 2892 2756 2945 sicut
2777 2892 2903 2945 dicit
2920 2891 3059 2948 Deus
3084 2895 3673 2962 :Quoniaminhabitubo

2112 2982 2167 3033 in
2193 2982 2313 3045 illis,
2343 2993 2389 3035 ct
2417 2982 2547 3035 inter
2574 2999 2657 3036 eos
2696 2983 2959 3038 ambulabo
3007 2985 3197 3054 (Leuit.
3230 2992 3401 3059 xxvt).
3436 2992 3504 3046 Et
3539 2996 3668 3063 quod

2113 3072 2342 3126 Joannes
2369 3073 2568 3126 audivit
2590 3089 2773 3127 vocem
2798 3090 3038 3145 magnam
3062 3078 3129 3131 de
3150 3079 3344 3133 throno
3374 3083 3666 3139 dicentem:

2115 3157 2247 3211 Ecce
2272 3160 2641 3214 tabernaculum
2660 3162 2751 3216 Dei
2769 3181 2882 3217 cum
2900 3167 3206 3232 hominibus,
3224 3183 3272 3223 et
3290 3171 3538 3226 habitabit
3560 3192 3665 3227 cum

2114 3248 2182 3301 eis
2206 3248 2385 3318 (Apoc.
2414 3252 2546 3315 XXI),
2576 3265 2744 3318 quam
2778 3252 2821 3304 si
2850 3250 3042 3323 [quasi]
3073 3269 3315 3312 ornatum
3348 3263 3665 3317 tabernaculi

2116 3336 2226 3391 sive
2255 3337 2429 3406 templi
2474 3339 2797 3393 materialem
2846 3341 3097 3410 religioso
3149 3350 3345 3402 mundi‘
3393 3352 3569 3406 cordis
3610 3363 3663 3406 et

2116 3428 2351 3492 corporis
2378 3427 2521 3480 cultu
2553 3427 2838 3482 imitemur.
2866 3429 2970 3484 Sed
2992 3442 3276 3501 antequam
3306 3436 3375 3491 de
3411 3440 3661 3507 spirituali

465 3538 663 3591 rentur,
705 3532 793 3577 aut
831 3523 1024 3585 clavis;
1055 3521 1173 3587 quia
1201 3518 1447 3573 videlicet
1497 3519 1546 3571 in
1596 3533 1724 3586 pace
1766 3533 2009 3586 superna:
2040 3526 2084 3587 (ζ,
2117 3530 2272 3568 sensu
2303 3515 2647 3579 disseramus,
2681 3520 2849 3584 primo
2875 3520 2941 3575 de
2967 3523 3081 3589 ipso
3104 3526 3365 3579 materiali
3399 3538 3544 3583 ιειω
3577 3532 3661 3584 Ιῖι.

466 3613 801 3669 beatitudinis
850 3624 951 3664 non
989 3618 1070 3661 est
1110 3608 1536 3662 tribulationibus
1585 3617 1763 3662 nostra
1813 3608 2011 3662 exatnio

470 3704 638 3759 nanda
672 3702 821 3765 lides,
855 3707 946 3753 aut
970 3699 1073 3751 vita
1106 3696 1392 3765 probanda,
1418 3697 1510 3750 sed
1539 3713 1656 3765 qua:
1685 3700 1735 3750 in
1781 3714 2011 3765 praesen-

464 3768 604 3850 tibus
632 3792 829 3849 saeculo
858 3790 1139 3858 castigata,
1188 3795 1243 3841 et
1291 3787 1592 3840 coelestibus
1637 3797 1752 3839 erat
1797 3788 2010 3841 sedibus

463 3884 770 3957 regulariter
798 3890 997 3950 aptata,
1028 3879 1097 3932 ibi
1121 3877 1320 3948 glutine
1347 3886 1400 3931 et
1428 3877 1646 3931 vinculis
1670 3888 1862 3930 mutua:
1884 3878 2011 3929 eba-

464 3977 652 4040 ritatis,
672 3989 736 4027 ne
760 3982 1012 4041 perpetuo
1031 3968 1245 4022 dissolvi
1267 3975 1444 4035 queat,
1473 3967 1524 4020 in
1548 3976 1830 4031 conspectu
1851 3967 2009 4020 etiam

463 4068 543 4118 sui
574 4061 859 4117 conditoris
888 4075 950 4113 ac
980 4059 1116 4127 regis
1162 4058 1225 4109 ad
1268 4057 1489 4111 invicem
1537 4056 1850 4124 copulanda.
1881 4057 2008 4111 Nam

464 4169 581 4207 cum
614 4155 663 4207 in
692 4152 788 4205 bac
817 4154 918 4202 vita
950 4148 1300 4201 multitudinis
1350 4146 1678 4200 credentium
1715 4150 1803 4199 liat
1839 4162 1931 4201 cor
1957 4156 2012 4200 et

464 4242 633 4295 anima
662 4254 786 4303 una,
818 4249 871 4292 et
898 4239 999 4291 sint
1031 4237 1134 4289 illis
1165 4238 1337 4288 oiunia
1367 4236 1664 4289 communia
1684 4276 1698 4295 .
1742 4236 1865 4302 quid
1908 4235 2008 4288 nisi

466 4330 665 4398 lapides
698 4328 799 4378 vivi
831 4327 880 4376 in
907 4324 1185 4376 mdilieium
1216 4323 1401 4373 lutura:
1430 4323 1621 4374 domus
1649 4323 1854 4375 Domini
1876 4338 2010 4391 qua-

465 4419 705 4481 drantur,
735 4413 821 4481 qui
850 4414 975 4465 hinc
1004 4412 1123 4464 inde
1144 4410 1401 4468 translati.
1426 4412 1626 4477 absque
1653 4410 1808 4464 ullius
1832 4413 2011 4466 labore

467 4507 749 4568 tarditatis,
780 4503 891 4555 suis
921 4503 1114 4569 quique
1144 4498 1415 4553 ordinibus
1447 4498 1766 4565 inserantur,
1799 4507 1853 4553 et
1879 4501 2010 4554 sibi-

469 4598 903 4651 metalterutrnm
935 4593 1119 4660 copula
1148 4592 1338 4644 divina:
1384 4591 1539 4644 simul
1584 4598 1639 4643 et
1684 4592 1907 4660 propria:
1932 4593 2013 4646 di-

470 4691 713 4744 lectionis
736 4687 1055 4757 jungautnr?
1085 4684 1208 4736 Item
1248 4684 1409 4751 lignra
1434 4682 1701 4749 utriusque
1728 4675 2010 4736 sanctuarii

474 4790 642 4848 potest
676 4780 742 4829 ita
784 4774 1100 4844 generaliter
1139 4772 1402 4838 distingui.
1455 4772 1597 4837 Opus
1647 4770 1966 4823 tabernaculi
1992 4807 2009 4834 ,

2114 3614 2236 3658 ιρι-ιε
2276 3605 2543 3674 paulisper
2574 3608 2865 3662 videamus.
2900 3612 3022 3665 Erat
3053 3616 3452 3670 tabernaculum
3482 3621 3665 3675 domus

2115 3697 2335 3751 Domino
2392 3709 2739 3763 consecrata,
2811 3702 3008 3756 habens
3061 3695 3403 3773 longitudinis
3458 3712 3663 3765 cubitus

2113 3787 2340 3852 triginta,
2375 3786 2661 3840 latitudinis
2688 3788 2871 3843 decem
2892 3831 2906 3855 ,
2939 3791 3233 3846 altitudinis
3259 3811 3411 3864 teque
3435 3797 3620 3853 deceat
3644 3839 3660 3864 ,

2112 3883 2303 3925 tectum
2337 3874 2531 3928 habens
2559 3879 2758 3943 mquale
2788 3893 2880 3943 per
2904 3890 3090 3947 totum,
3116 3885 3387 3948 quomodo
3418 3888 3467 3939 in
3500 3887 3659 3956 Egy-

2114 3972 2201 4030 pto
2227 3971 2280 4015 et
2308 3962 2582 4014 Palaestina
2620 3964 2806 4017 domos
2840 3969 3001 4019 moris
3029 3979 3109 4021 est
3145 3971 3468 4029 adiﬁcandi.
3496 3974 3657 4044 Cujus

2112 4054 2322 4121 quidem
2353 4054 2577 4119 parietes
2626 4063 2763 4116 tres,
2798 4056 3043 4109 australis
3065 4100 3080 4123 ,
3118 4062 3586 4132 septentrionalis,
3615 4075 3660 4119 et

2110 4139 2484 4201 occidentalis,
2532 4140 2599 4193 de
2648 4142 2837 4195 tabulis
2885 4152 3013 4196 sunt
3053 4147 3313 4212 compacti
3344 4148 3573 4217 ligneis,
3599 4156 3663 4205 ab

2113 4237 2334 4294 utroque
2381 4229 2546 4282 latere
2587 4230 2873 4284 deauratis.
2901 4230 3066 4286 Porro
3098 4248 3192 4301 pro
3239 4238 3484 4291 orientali
3518 4249 3663 4306 parte

2112 4338 2245 4376 unus
2271 4322 2434 4375 vectis
2464 4331 2598 4385 erat,
2627 4322 2765 4376 unde
2796 4323 3042 4397 introitus
3074 4328 3193 4391 luit,
3222 4327 3310 4396 qui
3342 4343 3438 4396 per
3462 4331 3665 4384 medias

2111 4415 2311 4467 tabulas
2336 4415 2401 4464 ab
2428 4414 2619 4483 angulo
2649 4428 2814 4481 usque
2844 4416 2908 4467 ad
2939 4416 3190 4485 angulum
3239 4420 3583 4486 perveniret,
3614 4420 3663 4475 id

2110 4516 2192 4559 est
2222 4519 2249 4556 a
2275 4507 2575 4557 suunuitate
2608 4504 2789 4557 ultima
2820 4504 2978 4573 hujus
3022 4505 3238 4575 parietis
3269 4523 3436 4577 usque
3472 4508 3544 4563 ad
3574 4524 3665 4578 pa—

2110 4594 2257 4647 rietis
2283 4594 2497 4646 alterius
2522 4594 2903 4646 summitatem.
2933 4593 3027 4646 Cui
3056 4595 3279 4647 eortina:
3313 4599 3667 4665 tabernaculi,

2111 4692 2166 4737 et
2193 4692 2384 4735 tectum
2416 4684 2700 4736 incubuere
2720 4723 2735 4747 ,
2766 4684 2853 4735 ubi
2884 4693 2936 4737 et
2967 4688 3250 4737 tentorium
3286 4696 3402 4740 erat
3429 4690 3667 4757 quinque

2113 4770 2369 4823 eolinunis
2411 4784 2742 4837 suspensum.
2790 4769 3085 4838 'l'egebatur
3130 4783 3306 4827 autem
3356 4775 3586 4840 domus,
3616 4784 3667 4829 et

470 4882 673 4935 tempus
701 4880 994 4934 synagoga},
1028 4865 1124 4914 huc
1154 4873 1233 4914 est
1264 4864 1490 4928 antiqum
1524 4861 1610 4912 Dei
1643 4861 1808 4926 plebis
1834 4876 1846 4910 :
1877 4873 2011 4924 opus
2038 4875 2091 4937 ι)
2116 4861 2357 4925 desuper,
2388 4870 2435 4911 et
2464 4860 2692 4927 undique
2720 4862 2938 4914 cortinis
2968 4862 3097 4915 mira
3139 4866 3399 4917 varietate
3442 4875 3664 4918 contex-

471 4977 594 5014 vero
622 4956 819 5021 templi,
853 4953 1151 5013 Eizelesiatn,
1191 4954 1236 5003 id
1268 4964 1366 5014 est,
1399 4953 1539 5004 illam
1566 4950 1853 5003 eluetornm
1877 4948 2009 5001 mul-

469 5053 741 5106 titudinem
767 5090 779 5110 ,
816 5060 929 5110 qua:
962 5054 1073 5107 post
1121 5042 1530 5095 incarnationem
1580 5039 1894 5093 dominicam
1946 5039 2010 5091 ad

470 5146 625 5195 vitam
678 5140 839 5201 venit,
890 5136 1141 5196 Sigttilit'ct
1172 5150 1184 5185 :
1214 5136 1457 5199 quoniam
1490 5134 1732 5205 videlicet
1765 5132 2009 5184 taberna-

471 5234 643 5286 culum
676 5230 877 5297 Moyses
907 5241 1022 5278 cum
1054 5223 1161 5273 sola
1204 5224 1537 5274 liebrmornni
1573 5225 1719 5287 plebe
1760 5237 2008 5274 consum-

474 5324 635 5375 mavit
662 5338 672 5370 :
700 5320 943 5384 templum
972 5328 1094 5367 vero
1116 5313 1359 5366 Salomon
1384 5313 1601 5364 Coliceta
1627 5313 2005 5381 prosclytot'uttt

476 5412 801 5467 multitudine
828 5410 1059 5476 periei-il,
1086 5408 1363 5472 adjuvante
1386 5406 1543 5457 etiam
1570 5405 1726 5474 Tyrio
1751 5419 1873 5473 rege
1896 5418 2011 5455 cum

475 5503 757 5555 artil‘tribus
785 5504 913 5560 suis,
940 5501 1021 5564 qni
1057 5512 1222 5564 neque
1256 5506 1434 5548 natura
1468 5494 1656 5555 Judaei,
1690 5510 1857 5561 neque
1892 5508 2015 5561 pro-

477 5596 702 5650 fessione
726 5592 949 5644 inerunt.
974 5590 1190 5641 Constat
1210 5591 1369 5652 enim,
1389 5589 1502 5655 quia
1530 5587 1689 5653 priori
1715 5589 1800 5640 Dei
1826 5588 2017 5655 pupulo

477 5686 719 5738 ductores
742 5694 841 5731 non
866 5678 967 5731 nisi
989 5692 1048 5730 ex
1075 5679 1182 5743 ipsa
1208 5692 1384 5730 eui-uni
1408 5687 1559 5743 gente
1584 5676 1900 5744 [ll'iEfUCl‘lllli
1924 5692 1937 5729 :
1963 5685 2017 5725 at

2119 4952 2204 5014 tis,
2237 4964 2351 5017 quae
2380 4952 2587 5017 proprie
2613 4950 3003 5003 tabernaculum
3026 4950 3331 5003 vocabatur.
3361 4949 3660 5018 Tegebant:

2114 5052 2161 5091 et
2196 5043 2291 5092 huc
2319 5040 2541 5107 uidique
2570 5042 2709 5106 sagis
2736 5039 2956 5092 ciliciuis
2980 5077 2996 5101 ,
3028 5053 3195 5105 usque
3222 5038 3289 5089 ad
3322 5046 3516 5092 terram
3549 5054 3665 5108 per-

2116 5129 2450 5195 tingemibus.
2484 5128 2585 5181 Sed
2620 5137 2669 5178 et
2696 5129 3078 5193 operimentum
3106 5124 3246 5177 aliud
3281 5134 3422 5179 tecto
3444 5126 3515 5181 de
3558 5118 3666 5196 pl-

2114 5220 2245 5270 libus
2275 5221 2498 5270 arietum
2542 5214 2837 5269 rubricatis.
2868 5215 3083 5268 Factum
3129 5225 3211 5268 est
3258 5224 3312 5270 et
3357 5231 3519 5286 super
3568 5220 3667 5273 hoc

2118 5328 2320 5364 rttrsutn
2350 5311 2486 5364 aliud
2517 5311 2899 5376 opct'itttentuut
2931 5307 2997 5361 de
3028 5306 3379 5375 Ityacinlbinis
3418 5309 3663 5378 pellibus.

2123 5404 2251 5457 Erat
2279 5405 2431 5456 etiam
2463 5412 2513 5454 et
2542 5400 2713 5454 velunt
2767 5411 2926 5464 opere
2972 5398 3233 5465 plumario
3260 5399 3548 5465 variatum,
3579 5415 3663 5453 et»

2122 5495 2309 5545 lumuis
2338 5503 2557 5559 quatuor
2588 5503 2872 5558 appensum
2892 5529 2908 5552 ,
2936 5502 3040 5553 quo
3064 5488 3426 5542 sanctuarium
3454 5497 3515 5541 et
3534 5503 3659 5542 sano

2121 5586 2303 5637 etuarii
2356 5582 2650 5636 sanctum-ia
2697 5579 3100 5633 dividebantur:
3132 5578 3266 5631 intra
3315 5577 3455 5646 quod
3494 5578 3665 5644 posits

2124 5683 2229 5721 erat
2264 5688 2379 5725 arra
2414 5670 2705 5725 testamenti
2732 5710 2745 5731 ,
2789 5677 2837 5720 ct
2882 5676 3061 5720 contra
3110 5681 3287 5721 arcam
3313 5675 3461 5721 extra
3490 5664 3661 5723 νει-ιιι»
