3898 6260
147 373 254 431 893

1013 373 1098 428 DE
1136 372 1636 429 TABERNACULO
1675 373 1760 428 ΕΤ
1804 373 2003 430 VASI‘S
2035 374 2196 432 Ε]υὸ
2234 374 2360 430 LIB.
2402 374 2464 431 Π.

3163 418 3167 424 ι
3241 379 3341 432 (liti

146 484 312 538 altare
340 482 709 555 tliymiamatis.
741 481 868 538 ltem
900 482 949 534 in
993 483 1168 536 medio
1209 483 1376 551 ipsius
1404 484 1684 536 sanctuarii
1717 487 1763 544 Α
1791 483 2050 546 lectionis,
2084 485 2350 554 patientia:
2405 493 2457 538 et
2507 484 2822 541 humilitatis
2863 486 3108 540 instantia
3161 488 3340 555 perve-

145 577 520 630 candelabrum
551 578 603 630 in
636 586 785 641 parte
812 575 1044 627 australi.
1081 575 1254 627 Mensa
1285 590 1414 628 vero
1443 577 1615 627 stabat
1641 576 1693 628 in

145 664 574 731 septentrionali;
605 665 769 717 altare
815 661 1104 715 ltolocaus'ti
1161 662 1290 716 foris
1338 672 1460 715 ante
1491 664 1694 729 ingres-

145 767 266 807 sntn
312 752 622 818 sanctuarii;
653 754 852 806 labrum
895 767 1097 805 anteum
1146 751 1281 804 inter
1308 752 1407 804 ltoc
1447 751 1615 804 altare
1641 759 1696 804 et

145 845 556 898 tabernaculum.
604 845 666 898 Et
705 845 842 899 circa
891 844 1068 897 omnia
1118 844 1307 897 atrium
1366 843 1691 896 tabernaculi

143 935 486 1003 longitudinis
511 935 709 988 habens
733 934 936 988 cubitus
962 943 1192 996 centum,
1226 932 1514 986 latitudinis
1541 933 1694 1001 quin-

141 1030 409 1098 quaginta.
440 1028 529 1081 llis
555 1041 680 1096 ergo
706 1024 1024 1079 dilucidaudi
1055 1025 1223 1092 gratia
1255 1023 1486 1076 breviter
1517 1022 1691 1088 praeli-

143 1120 316 1184 batis,
362 1119 629 1174 videamus
675 1118 782 1184 ipsa
824 1116 982 1169 verba
1023 1116 1285 1179 ltismrizc,
1321 1128 1425 1182 quo
1456 1129 1547 1180 per
1580 1114 1692 1167 haec

141 1211 299 1264 altius
326 1219 478 1279 atque
507 1211 737 1279 apertius
759 1207 822 1260 ad
853 1221 1063 1260 sensum
1112 1205 1372 1272 allegoria:
1413 1204 1692 1272 pervenire

138 1315 413 1367 queamus.
444 1299 572 1353 Cum
601 1297 761 1366 Moysi
794 1296 1040 1348 Dominus
1091 1294 1142 1346 iu
1191 1302 1368 1346 monte
1412 1292 1554 1345 Sinai
1607 1307 1690 1345 se-

137 1405 260 1444 cum
323 1382 659 1458 quadraginta
708 1386 891 1439 diebtts
938 1399 1001 1437 ac
1065 1383 1309 1435 noctibus
1356 1383 1686 1443 constituto,

138 1481 270 1548 legis
299 1482 636 1534 emremonias
665 1487 718 1535 et
743 1479 896 1532 ritum
926 1476 1132 1531 vivendi
1161 1477 1411 1537 traderet,
1446 1477 1515 1528 ait
1549 1474 1687 1528 inter

134 1575 277 1627 alia:

752 1661 972 1716 C.\PUT
1009 1661 1067 1714 ll.

686 1752 901 1806 Cortimc
930 1754 1115 1804 decent.

1796 576 1970 628 niunt.
2002 575 2077 629 De
2106 577 2293 646 quibus
2326 585 2467 632 recte
2500 576 2666 645 possit
2689 577 2815 630 illud
2835 578 3184 646 apostolicum
3205 579 3340 632 diei.

1794 667 1871 717 An
1924 667 2140 732 nescitis,
2194 669 2434 735 quoniam
2486 669 2708 720 membra
2759 677 2919 720 vestra
2959 665 3199 735 tentplttm
3229 679 3346 721 sunt

1795 755 2017 825 Spiritus
2047 759 2228 820 sancti,
2259 759 2344 823 qui
2371 765 2421 810 in
2450 757 2585 809 vobis
2604 766 2676 810 est
2699 755 2752 825 (Ι
2770 756 2888 810 Cor.
2915 757 3022 824 Vt)?
3055 757 3342 824 lietorque-

1794 857 1876 899 tur
1906 855 2080 901 autem
2122 851 2232 901 lucc
2260 850 2450 918 byssus
2495 848 2542 899 in
2574 847 2803 899 cortinas
2845 846 3190 908 tabernaculi;
3224 862 3344 913 quo.

1795 937 1940 989 niam
1968 953 2070 989 non
2107 939 2263 990 modo
2293 937 2504 990 lumbos
2527 936 2724 999 carnis,
2760 931 2936 988 verum
2967 937 3141 998 etiam,
3168 949 3221 987 ttt
3251 936 3347 987 ιη·-

1793 1034 1906 1078 trus
1935 1026 2205 1091 admonet,
2242 1025 2447 1078 lumbos
2477 1027 2668 1080 mentis
2710 1038 2902 1078 nostra:
2945 1027 3007 1079 in
3060 1026 3344 1079 sobrietate

1791 1115 2145 1182 succingimus
2175 1112 2226 1177 (Ι
2264 1113 2403 1168 Petr.
2442 1113 2506 1182 t),
2563 1124 2619 1168 ut
2660 1116 2904 1168 videlicet
2946 1125 2997 1168 et
3051 1130 3262 1168 carnem
3309 1129 3338 1166 a

1795 1205 2000 1260 lascivis
2027 1206 2277 1271 motibus,
2309 1216 2362 1259 et
2389 1221 2483 1260 cor
2529 1206 2595 1258 ab
2646 1205 2966 1260 illecebrosis
3014 1206 3342 1258 refrenemus

1791 1294 2120 1362 tegitatibus.
2153 1295 2498 1364 Hyacinthus,
2529 1297 2779 1362 quoniam
2811 1296 2950 1348 aeris
2993 1305 3046 1348 et
3073 1295 3191 1349 caeli
3225 1309 3345 1361 ape-

1789 1383 1922 1436 (iem
1953 1387 2200 1450 imitatur,
2241 1387 2542 1440 earumdem
2595 1395 2798 1439 mentes
2845 1386 3151 1450 electorum,
3196 1385 3340 1437 omni

1790 1492 1885 1543 spe
1909 1492 1970 1530 ac
2001 1477 2267 1532 desiderio
2297 1479 2532 1532 cmlestia
2565 1486 2859 1543 quairentes
2879 1478 3156 1546 signiﬁcat.
3179 1479 3340 1543 Cujus

1790 1568 1942 1620 nobis
1971 1568 2166 1621 coloris
2190 1578 2575 1621 sacramentum
2605 1568 2982 1621 commendans
3028 1572 3336 1636 Apostolus,

1789 1659 1861 1710 ait
1889 1677 1900 1710 :
1935 1659 1994 1710 Si
2017 1659 2402 1712 ctinsurreaistis
2428 1674 2541 1710 cunt
2582 1657 2800 1720 Christo,
2842 1673 2956 1725 qua:
2992 1675 3189 1710 sursum
3219 1668 3335 1710 sunt

1788 1748 2015 1814 quau-ite,
2047 1750 2131 1801 ubi
2156 1748 2384 1800 Christus
2410 1757 2503 1814 est,
2557 1748 2611 1799 in
2658 1747 2838 1798 dextra
2887 1746 2978 1799 Ilet'
3003 1752 3179 1799 sedens
3205 1747 3340 1815 (Col.

207 1844 396 1914 (Exod.
431 1842 595 1906 xxvi.)
632 1842 1028 1894 Tuburnaculuut
1070 1855 1183 1892 rm
1239 1840 1308 1891 ita
1353 1839 1530 1908 facies,
1579 1851 1681 1891 etc.
1718 1816 1760 1875 Β
1790 1841 1892 1904 ιιι).
1927 1839 2184 1904 l'urpnra,
2220 1838 2338 1905 quia
2383 1838 2613 1914 colorem
2663 1835 2931 1905 sanguinis
2982 1838 3211 1890 ostendit
3241 1854 3254 1889 :
3286 1847 3342 1891 et

131 1934 549 1987 Taliernacnlnm
603 1932 804 1983 Domini
855 1933 906 1982 lit
958 1945 1021 1983 ex
1055 1931 1272 1981 cortinis
1302 1931 1517 1980 diversa
1541 1931 1686 1980 colo-

133 2039 254 2077 rum
285 2023 461 2089 specie
493 2022 701 2073 variatis
725 2036 738 2079 ;
762 2021 883 2086 quia
914 2028 1093 2070 sancta
1119 2017 1428 2070 universalis
1448 2015 1684 2070 Ecclesia

130 2129 198 2174 ex
251 2111 426 2166 multis
469 2113 752 2164 electorum
797 2108 1058 2176 personis,
1088 2123 1148 2159 ex
1179 2107 1355 2160 multis
1389 2122 1480 2173 per
1501 2107 1683 2160 orbem

130 2205 426 2267 Ecclesiis,
476 2219 536 2256 cx
591 2203 747 2253 variis
799 2201 1048 2252 tirttttum
1109 2197 1323 2250 lloribns
1374 2197 1681 2250 aediﬁcatur.

129 2293 297 2362 Cujus
325 2293 498 2346 omnis
524 2291 783 2361 perfectio
815 2291 864 2342 in
885 2290 1102 2342 denario
1126 2303 1344 2341 numero
1364 2287 1680 2350 continetur;

128 2389 253 2456 quia
271 2401 690 2456 quaqucversum
724 2386 778 2438 Ε(
797 2386 956 2439 clesia
985 2400 1076 2452 per
1105 2385 1352 2436 nnnnlntn
1382 2385 1431 2436 in
1463 2383 1685 2436 diversis

128 2477 392 2547 gentibus,
423 2489 471 2531 ct
504 2478 766 2541 tribubus,
795 2486 847 2530 et
884 2478 1112 2545 populis,
1161 2484 1213 2529 et
1253 2475 1442 2545 linguis
1497 2474 1683 2528 diffusa

127 2580 252 2623 est:
284 2580 388 2624 tota
414 2572 462 2623 in
487 2573 596 2622 sola
625 2570 712 2624 Dei
740 2582 793 2623 et
839 2569 1060 2636 proximi
1118 2568 1420 2633 dilectione,
1452 2582 1568 2636 qum
1590 2566 1685 2620 dc-

128 2660 317 2727 calogo
349 2661 481 2726 legis
503 2667 585 2712 est
614 2659 1022 2724 comprehensa,
1047 2657 1304 2712 subsistit.
1335 2657 1512 2724 Neque
1534 2657 1686 2711 aliter

127 2748 408 2816 quisquam
443 2758 618 2816 potest
649 2748 912 2801 veraciter
936 2747 999 2800 ad
1033 2748 1282 2800 Ecclesia:
1308 2748 1538 2800 membra
1567 2762 1685 2810 per-

129 2843 360 2911 tingere,
386 2840 485 2892 nisi
510 2842 714 2905 integre
742 2839 901 2893 corde
929 2848 982 2892 ct
1003 2853 1119 2892 eum
1152 2854 1248 2906 per
1275 2853 1426 2906 quem
1462 2838 1686 2889 a-dilica-

129 2945 237 2997 tur,
265 2944 314 2987 et
343 2946 434 2986 eos
474 2934 524 2985 in
566 2932 754 3001 quibus
782 2931 1076 2984 tcdillcatnr
1123 2929 1383 2992 Ecclesia;
1435 2931 1534 2980 ltoc
1582 2937 1682 2992 est,

129 3028 298 3080 llenm
326 3035 379 3078 et
425 3024 621 3078 electos
650 3023 764 3091 ejus
792 3035 969 3075 amare
1014 3019 1278 3072 didicetit.
1305 3019 1489 3070 Varius
1511 3026 1684 3070 autem

129 3120 368 3172 colorum
407 3117 595 3180 decor,
645 3131 749 3182 quo
779 3113 962 3167 eadem
1009 3122 1127 3163 sunt
1150 3112 1365 3163 cortinae
1397 3109 1681 3170 distinctze,

129 3206 396 3260 variarunt
421 3214 499 3258 est
524 3202 688 3272 gratia
723 3204 998 3264 virtutum,
1018 3199 1207 3270 quibus
1237 3210 1417 3252 sancta
1451 3197 1682 3251 Ecclesia

129 3297 358 3350 mirabili
397 3309 458 3348 ac
509 3307 726 3360 prorsus
754 3290 959 3346 cmlesti
991 3301 1104 3343 arte
1148 3290 1458 3356 composita,
1487 3289 1537 3340 in
1559 3304 1686 3340 con-

129 3398 317 3456 specm
343 3386 425 3440 sui
472 3385 775 3451 restilendet
817 3383 1048 3435 auctoris
1082 3399 1094 3433 :
1126 3397 1225 3446 qua
1257 3382 1486 3448 proiecto
1517 3381 1685 3431 varie-

129 3488 262 3542 tate,
293 3483 346 3530 et
373 3475 520 3544 quasi
547 3489 707 3542 opere
738 3472 994 3540 pluutario
1051 3472 1234 3524 beatus
1283 3471 1467 3524 l‘etrns
1515 3469 1686 3521 taber-

129 3567 381 3619 naculnm
414 3564 504 3618 Dei
531 3563 791 3615 aediﬁcare
813 3560 1028 3622 Studnit,
1052 3574 1168 3612 cum
1193 3559 1295 3610 ait:
1331 3559 1686 3624 Unusquisque

129 3659 265 3710 sirut
294 3655 482 3719 arrepit
503 3655 740 3726 gratiam,
763 3654 811 3701 in
839 3651 1134 3701 alterutrum
1159 3650 1302 3700 illaut
1323 3649 1685 3698 administran-

129 3757 222 3808 ια,
254 3744 384 3796 sicut
418 3742 532 3793 boni
585 3741 951 3808 dispensatores
996 3738 1318 3805 ntultiformis
1363 3739 1539 3804 gratia:
1595 3734 1683 3787 Dei

130 3832 179 3899 (I
214 3829 355 3884 Petr.
392 3830 488 3897 tv).
523 3827 665 3880 llanc
704 3829 876 3878 inesse
924 3827 1142 3878 cut'tinis
1192 3823 1530 3886 tabernaculi,
1584 3824 1684 3876 line

128 3933 210 3976 est
232 3921 494 3975 mentibus
526 3915 938 3980 lidelium,vidit
984 3915 1191 3977 Paulus,
1228 3929 1344 3968 cunt
1379 3913 1412 3966 d
1437 3913 1508 3966 cit
1541 3931 1554 3966 :
1581 3913 1682 3967 Alii

129 4013 341 4083 quidem
368 4026 459 4079 per
479 4011 726 4079 Spiritum
751 4010 904 4061 datur
929 4021 1106 4060 sermo
1157 4005 1444 4072 sapientiae,
1469 4005 1555 4057 alii
1592 4019 1686 4057 an-

133 4116 237 4156 tem
293 4115 470 4154 sermo
511 4097 744 4152 scienti.c
771 4095 855 4166 (ll
888 4095 1004 4149 Cor.
1037 4095 1152 4162 xu),
1211 4102 1264 4147 ct
1304 4105 1494 4147 cetera
1544 4093 1686 4148 illius

131 4191 256 4245 loci.
287 4191 350 4244 Et
377 4187 590 4258 quidem
644 4189 851 4255 byssus,
902 4201 1018 4252 qua:
1074 4185 1241 4253 ptitua
1289 4187 1517 4251 ponitur,
1559 4185 1682 4252 quia

133 4285 295 4338 decus
311 4282 561 4335 virtutum
585 4280 841 4348 designet,
867 4285 1089 4330 testatur
1113 4277 1163 4328 in
1186 4276 1496 4343 Apocalypsi
1521 4273 1684 4326 Joan-

133 4386 250 4435 nes,
269 4371 452 4425 dicens
484 4385 498 4420 :
526 4368 656 4431 Quia
681 4376 918 4418 venerunt
943 4365 1130 4431 nuptias
1154 4363 1304 4431 Agni,
1345 4372 1390 4413 et
1411 4375 1540 4413 uxor
1568 4363 1680 4428 ejus

1793 1944 1920 1981 vera
1951 1943 2167 1998 quoque
2212 1943 2441 1998 purpura
2472 1921 2865 1994 concltyliorntn
2906 1931 3163 1996 sanguine
3190 1930 3343 2000 tingi-

1793 2027 1902 2084 tur,
1931 2019 2117 2072 devom
2145 2033 2328 2073 eorum
2355 2018 2511 2073 corda
2543 2019 2804 2084 designat,
2857 2018 2944 2085 qui
2998 2017 3176 2072 dicere
3222 2034 3342 2073 cum

1787 2108 2040 2175 Apostolo
2090 2120 2307 2176 possunt
2358 2127 2370 2161 :
2415 2109 2525 2178 Ego
2570 2126 2667 2162 non
2719 2109 2881 2161 solum
2919 2107 3145 2180 alligari,
3180 2111 3266 2163 sed
3297 2120 3345 2162 et

1786 2201 1919 2252 mori
1950 2200 2001 2252 in
2026 2199 2351 2254 Hierusalem
2382 2211 2595 2268 paratus
2630 2218 2740 2253 sunt
2781 2210 2987 2270 propter
3016 2218 3195 2255 nomen
3239 2203 3345 2255 Do.

1788 2290 1910 2344 mini
1936 2289 2060 2343 Jesu
2085 2291 2222 2358 (Act.
2251 2289 2384 2358 χιι).
2421 2290 2480 2343 Ει
2509 2304 2627 2341 cum
2673 2290 2928 2358 pt°0plteta
2959 2289 3120 2343 David
3154 2307 3167 2342 :
3203 2291 3345 2355 Quo-

1788 2383 1921 2435 niam
1941 2391 2143 2450 propter
2165 2389 2210 2432 te
2236 2389 2390 2432 morte
2409 2378 2652 2447 efﬁcimur
2673 2388 2778 2430 tota
2800 2380 2900 2443 die,
2918 2379 3153 2432 aestimati
3169 2395 3343 2432 sumus

1789 2477 1844 2522 ut
1874 2485 1984 2521 oves
2013 2467 2279 2520 occisionis
2304 2465 2527 2533 (Psalm.
2580 2466 2749 2533 xt.ttt).
2790 2468 3010 2531 (Soccus,
3053 2467 3174 2534 quia
3208 2469 3342 2532 ignis

1791 2559 1950 2612 habet
1967 2557 2226 2628 speciem,
2252 2559 2437 2610 merito
2455 2555 2871 2624 ﬂagrantissima:
2892 2565 3191 2609 sanctorum
3214 2558 3345 2610 dile-

1790 2649 1950 2702 ctioni
1980 2655 2337 2713 cemparatur.
2368 2644 2517 2701 Unde
2545 2657 2594 2699 et
2626 2645 2836 2714 quidam
2866 2659 2927 2698 ex
2958 2645 3055 2710 eis,
3088 2644 3176 2713 qui
3207 2647 3340 2699 Itane

1791 2747 2049 2805 praesente
2079 2746 2130 2789 et
2160 2735 2446 2790 comitante
2491 2750 2668 2788 secum
2717 2734 2942 2788 DOllllno
2968 2745 3339 2804 conceperant,

1785 2825 2035 2878 aiebant:
2067 2824 2252 2877 Nonne
2279 2839 2364 2876 cor
2411 2836 2633 2876 nostrum
2681 2825 2864 2876 ardens
2914 2833 3023 2876 erat
3070 2827 3122 2877 in
3177 2826 3340 2888 nobis,

1788 2927 1902 2963 cum
1930 2909 2216 2980 loqueretur
2245 2911 2298 2962 in
2355 2911 2454 2974 via,
2508 2921 2555 2963 et
2599 2913 2812 2978 aperiret
2861 2913 2999 2963 nobis
3046 2913 3340 2980 Seripturas

1788 3001 1940 3069 (Luc.
1977 3001 2118 3072 μιν)
2139 3002 2159 3053 ?
2183 3000 2278 3054 Cui
2306 3012 2487 3054 contra
2510 3001 2577 3055 de
2607 3003 2843 3069 reprobis
2873 3003 3101 3056 dicitur:
3133 3002 3340 3074 thuo.

1792 3093 1926 3146 niam
1974 3088 2244 3146 abundabit
2292 3092 2551 3159 iniquitas,
2582 3094 2869 3162 rrt'rigescet
2910 3093 3128 3146 Charitas
3159 3096 3342 3146 multo-

1793 3199 1903 3234 rum
1923 3182 2133 3252 (Jlattlt.
2153 3183 2317 3248 utr).
2353 3184 2472 3235 lltcc
2497 3185 2644 3249 quasi
2669 3185 2746 3235 bis
2769 3183 3000 3252 tingitur,
3026 3199 3144 3239 eum
3161 3200 3343 3238 amore

1791 3272 1881 3348 Dei
1911 3264 1961 3325 et
1994 3272 2213 3339 proxitni
2240 3271 2568 3335 ﬂammescit,
2602 3286 2720 3325 cum
2749 3273 2894 3325 illum
2923 3289 2985 3326 ex
3015 3283 3127 3327 toto
3151 3276 3334 3342 corde,

1791 3373 1898 3416 tota
1929 3367 2125 3428 anima,
2154 3371 2262 3415 tota
2291 3361 2502 3424 virtute,
2552 3361 2689 3413 hunc
2734 3363 2868 3413 sicut
2896 3366 3136 3428 nosipsos
3162 3365 3345 3434 diligi-

1789 3467 1924 3504 inus.
1961 3451 2140 3518 Itaque
2191 3450 2240 3502 in
2295 3448 2374 3501 itis
2413 3458 2634 3516 quatuor
2682 3452 3006 3503 cortinarum
3053 3451 3337 3516 eoloribus.

1789 3552 2019 3609 quatuor
2065 3539 2471 3608 iustiﬁcationes
2513 3541 2877 3607 exprimuntur
2923 3542 3231 3597 eiecturum.
3285 3545 3340 3599 ln

1788 3630 1947 3698 bySSo
1979 3637 2196 3693 retorta,
2231 3644 2355 3682 caro
2383 3631 2676 3684 castitatem
2726 3615 2990 3696 retinens;
3023 3633 3073 3684 in
3125 3632 3342 3704 hyacin-

1788 3718 1904 3782 tlto,
1959 3733 2106 3772 mens
2155 3733 2379 3786 superna
2433 3718 2764 3791 desiderans;
2818 3721 2869 3774 iit
2920 3739 3168 3794 purpura,
3209 3741 3337 3782 caro

1787 3809 2115 3875 passionibus
2145 3808 2455 3874 subjacens;
2509 3810 2558 3862 in
2604 3824 2763 3864 cocco
2814 3812 2891 3864 bis
2950 3814 3126 3876 tincto,
3183 3831 3334 3869 mens

1787 3899 1924 3953 inter
1972 3899 2244 3966 passiones
2293 3899 2383 3953 Dei
2431 3910 2484 3955 et
2528 3901 2749 3968 proximi
2799 3901 3080 3958 dilectione
3127 3907 3340 3974 prtel‘nlo

1786 4005 1936 4060 gens.

1857 4101 2143 4168 Longitudo
2170 4101 2374 4152 cortina:
2396 4100 2542 4151 unius
2562 4100 2776 4164 habebit,
2794 4109 2896 4154 etc.
2930 4100 2985 4154 ltt
3010 4103 3336 4171 longitudine

1785 4193 2131 4252 cortinarum,
2187 4187 2500 4257 longanimis
2540 4201 2733 4241 sancta:
2769 4190 3018 4244 Ecclesia:
3051 4195 3331 4260 patientia;

1751 4281 1838 4358 _in
1871 4273 2146 4332 latit'udine
2187 4277 2476 4345 amplitudo
2531 4278 2842 4346 exprimitur
2887 4283 3176 4348 cbaritatis,
3219 4302 3337 4352 qua:

1786 4385 1891 4424 non
1913 4372 2084 4425 solum
2116 4379 2402 4434 amantem,
2435 4371 2525 4422 sed
2555 4379 2609 4423 et
2657 4371 2818 4424 Deum
2855 4381 2910 4425 et
2940 4377 3232 4440 proximum
3261 4394 3342 4430 re-

132 4461 432 4530 preparavit
449 4475 523 4525 se,
542 4465 588 4510 et
618 4457 792 4507 datum
829 4466 901 4506 est
930 4454 1005 4505 illi
1051 4461 1103 4505 ut
1133 4453 1384 4518 cooperiat
1412 4466 1465 4502 se
1484 4449 1681 4518 byssina

1792 4462 2005 4514 datnare
2035 4478 2046 4510 :
2079 4460 2170 4515 sed
2194 4471 2248 4513 et
2284 4460 2550 4516 ottientem
2599 4476 2658 4512 se
2706 4463 3062 4516 adversarium
3106 4481 3354 4532 expanso

133 4549 414 4618 splendenti
438 4548 652 4602 candido
675 4546 855 4616 (Apoc.
882 4544 990 4610 xtx)
1017 4561 1026 4590 ε
1051 4541 1320 4611 byssinu‘m
1348 4541 1513 4604 enim,
1536 4541 1690 4608 justi-

135 4639 408 4695 licationes
457 4647 580 4691 sunt
608 4645 930 4690 sanctorum.
988 4632 1119 4686 Dicit
1167 4633 1233 4686 de
1286 4631 1469 4685 eadem
1520 4646 1689 4686 uxore

138 4732 292 4801 ligni,
325 4728 375 4781 id
427 4737 526 4792 est,
556 4727 785 4780 Ecclesia
825 4723 1042 4788 Christi,
1091 4723 1339 4777 Salomon
1375 4737 1388 4773 :
1424 4719 1613 4790 Byssus
1645 4732 1692 4775 et

139 4838 369 4892 purpura
386 4821 730 4872 indumentum
757 4821 867 4887 ejus
893 4815 1073 4886 (Prov.
1098 4817 1266 4892 suist}.
1300 4813 1495 4868 V'crnm
1527 4815 1691 4869 Joan-

138 4927 234 4967 nes
254 4905 417 4966 unius
466 4907 659 4964 coloris
691 4910 906 4975 liguratn
959 4919 1257 4970 exponens.
1282 4914 1503 4958 caeteros
1534 4905 1692 4958 etiam

140 5003 432 5072 ﬁguraliter
453 4997 870 5067 interpretandos
896 4995 1146 5046 insinuat.
1176 4995 1370 5062 Byssus
1403 5009 1549 5064 ergo,
1575 5011 1693 5062 qua:

137 5093 203 5146 de
237 5101 374 5145 terra
402 5092 610 5160 quidem
661 5091 844 5149 oritur,
894 5087 988 5138 sed
1031 5093 1176 5138 eruta
1228 5085 1293 5138 de
1348 5095 1507 5149 terra,
1541 5087 1696 5155 longo

137 5182 393 5236 exercitio
414 5180 668 5245 sict-andi,
701 5179 972 5239 tondendi,
1024 5175 1306 5244 purgandi,
1333 5175 1614 5241 coquendi,
1642 5186 1696 5229 et

142 5269 300 5325 nendi
327 5270 648 5334 gramineum
673 5269 811 5322 solet
840 5267 1084 5335 perdere,
1105 5273 1160 5317 et
1189 5262 1469 5315 candidum
1499 5262 1549 5314 in
1574 5278 1696 5318 sese

146 5363 380 5430 recipere
403 5360 654 5424 colorem,
686 5373 905 5425 corpora
949 5358 1190 5425 designat
1221 5355 1481 5407 caStitatis
1529 5355 1694 5410 nitida

145 5453 335 5506 decore
365 5465 380 5502 :
411 5464 565 5518 quem
595 5465 712 5503 cum
748 5447 924 5503 carnis
947 5445 1154 5515 quidem
1184 5444 1444 5496 ilIeCebris
1476 5461 1694 5500 nascen-

149 5547 214 5595 tia
245 5555 430 5608 maguo
458 5540 795 5592 continentia:
825 5539 1024 5601 labore,
1074 5535 1223 5602 quasi
1257 5535 1488 5588 nativum
1536 5551 1694 5594 exsu-

148 5636 273 5687 dant
302 5635 594 5693 ltutnorctn,
618 5642 770 5697 atque
794 5631 856 5683 ad
889 5631 1130 5683 decorem
1186 5628 1292 5679 Deo
1335 5625 1506 5694 dignm
1548 5630 1694 5694 puri-

154 5728 268 5779 tatis
298 5721 475 5779 solcrtl
511 5720 829 5790 ieiuniorum
877 5729 930 5774 et
959 5719 1280 5789 vigiliarum,
1311 5721 1610 5775 orationum
1640 5733 1694 5776 ct

539 5816 805 5874 l'n‘uotu
859 5812 1012 5873 XCI.

1766 4567 1903 4607 suae
1931 4551 2223 4604 dulcedinis
2247 4551 2448 4617 gremio
2488 4553 2762 4604 consuevit
2815 4553 3079 4621 excipere,
3111 4548 3337 4624 suosque

1795 4656 2158 4713 persecutores
2189 4643 2338 4692 ﬂexis
2358 4642 2406 4692 in
2434 4641 2668 4693 oratione
2696 4642 2935 4708 genibus,
2957 4643 3174 4697 Domino
3195 4660 3343 4700 cont-

1793 4733 2061 4793 tuendare,
2095 4729 2275 4781 dicens
2303 4744 2316 4781 :
2346 4727 2576 4792 Domine,
2619 4744 2678 4780 ue
2709 4740 2902 4784 statuas
2928 4733 3032 4785 illis
3056 4737 3147 4785 hoc
3171 4752 3344 4802 perca-

1795 4835 1897 4876 tum
1927 4824 2061 4890 (Act.
2097 4816 2208 4886 vti).
2242 4819 2368 4881 Qua:
2395 4819 2614 4871 latitudo
2642 4830 2762 4885 apte
2797 4832 3020 4888 quatuor
3041 4836 3156 4878 erat
3195 4827 3344 4881 cubi-

1795 4921 1986 4972 torum,
2045 4909 2164 4974 quia
2211 4919 2437 4974 quatuor
2493 4919 2616 4960 sunt
2671 4911 3067 4977 Evangeliorum
3111 4916 3248 4981 libri,
3291 4897 3343 4970 in

1795 5004 1982 5072 quibus
2016 4999 2217 5052 Domini
2253 4999 2615 5068 Redemptoris
2645 5003 2809 5053 nostri
2840 5005 3098 5073 exemplis
3125 5021 3186 5059 ac
3214 5021 3342 5058 Ver-

1798 5099 1894 5154 bis,
1930 5089 2150 5158 qualiter
2192 5088 2375 5141 eadem
2419 5091 2646 5143 cltaritas
2675 5092 2744 5145 sit
2783 5096 3026 5158 tenenda,
3067 5095 3340 5150 docemur.

1796 5189 2029 5249 Quatuor
2059 5180 2299 5242 virtutes,
2337 5178 2386 5230 itt
2418 5194 2638 5244 quarunt
2692 5181 2996 5246 operatione
3045 5185 3228 5235 eadem
3261 5199 3291 5238 e
3326 5196 3345 5238 t

1797 5274 2024 5327 cbaritas
2054 5268 2370 5336 exercenda,
2426 5269 2473 5320 id
2505 5277 2604 5330 est,
2654 5272 3014 5335 temperantia,
3068 5270 3340 5338 fortitudo,

1791 5363 2012 5432 jnstitia,
2047 5349 2340 5426 prudentia,
2395 5366 2450 5410 nt
2495 5357 2740 5410 videlicet
2787 5359 3084 5425 incorrupta
3131 5362 3183 5414 in
3236 5362 3345 5416 Deo

1797 5454 2045 5514 cltaritas,
2078 5461 2233 5515 atque
2274 5450 2467 5515 integra
2494 5446 2834 5513 custodiatur,
2860 5450 2994 5516 quod
3025 5461 3106 5503 est
3137 5462 3338 5521 tempu-

1800 5543 2009 5604 ra..ti-.c;
2067 5540 2220 5592 nullis
2252 5539 2514 5604 frangatur
2547 5535 2914 5602 incommodis,
2953 5541 3090 5608 quod
3121 5552 3203 5596 est
3235 5544 3342 5594 iur.

1801 5634 2068 5692 tttntltnts;
2098 5632 2220 5683 nulli
2247 5630 2334 5683 alii
2363 5643 2480 5682 serv
2507 5641 2579 5692 at,
2610 5631 2744 5695 quod
2780 5642 2860 5684 est
2884 5630 3130 5698 jllSilllJ';
3167 5636 3343 5701 vigilet

1800 5728 1850 5778 itt
1886 5722 2241 5776 discernendis
2285 5721 2462 5787 rebus,
2512 5737 2574 5776 ttc
2608 5719 2808 5776 fallacia
2856 5725 3073 5776 ilolusve
3099 5725 3344 5791 paulatim

2895 5809 2963 5866 ιι
