  <div class='ocr_page' id='page_1' title='image "/cluster/home/n/w/nwhite01/storage/ocr_20150623/90-91/uva.x000827075/875.png"; bbox 0 0 3898 6260; ppageno 0'>
   <div class='ocr_carea' id='block_1_1' title="bbox 441 451 543 508">
    <p class='ocr_par' dir='ltr' id='par_1_1' title="bbox 441 451 543 508">
     <span class='ocr_line' id='line_1_1' title="bbox 441 451 543 508; baseline -0.029 0"><span class='ocrx_word' id='word_1_1' title='bbox 441 451 543 508; x_wconf 65' lang='grc' dir='ltr'><strong>ἅτ</strong></span> 
     </span>
    </p>
   </div>
   <div class='ocr_carea' id='block_1_2' title="bbox 922 419 3159 498">
    <p class='ocr_par' dir='ltr' id='par_1_2' title="bbox 922 419 3159 498">
     <span class='ocr_line' id='line_1_2' title="bbox 922 419 3159 498; baseline -0.013 0"><span class='ocrx_word' id='word_1_2' title='bbox 922 442 1122 498; x_wconf 59' lang='grc' dir='ltr'><strong>ιξευίΕ</strong></span> <span class='ocrx_word' id='word_1_3' title='bbox 1168 436 1620 495; x_wconf 71' lang='lat' dir='ltr'><strong>VENEBADILIS</strong></span> <span class='ocrx_word' id='word_1_4' title='bbox 1656 431 1946 490; x_wconf 68' lang='lat' dir='ltr'><strong>OPERUSI</strong></span> <span class='ocrx_word' id='word_1_5' title='bbox 1992 425 2165 484; x_wconf 76' lang='lat' dir='ltr'><strong>PARS</strong></span> <span class='ocrx_word' id='word_1_6' title='bbox 2205 424 2266 481; x_wconf 88' lang='lat' dir='ltr'><strong>Il.</strong></span> <span class='ocrx_word' id='word_1_7' title='bbox 2297 453 2365 466; x_wconf 95' lang='lat'><strong><em>—</em></strong></span> <span class='ocrx_word' id='word_1_8' title='bbox 2404 420 2795 478; x_wconf 77' lang='lat' dir='ltr'><strong>EXEGETICA</strong></span> <span class='ocrx_word' id='word_1_9' title='bbox 2840 419 3159 474; x_wconf 64' lang='lat' dir='ltr'><strong>GENUINA.</strong></span> 
     </span>
    </p>
   </div>
   <div class='ocr_carea' id='block_1_3' title="bbox 3570 415 3672 472">
    <p class='ocr_par' dir='ltr' id='par_1_3' title="bbox 3570 415 3672 472">
     <span class='ocr_line' id='line_1_3' title="bbox 3570 415 3672 472; baseline -0.069 0"><span class='ocrx_word' id='word_1_10' title='bbox 3570 415 3672 472; x_wconf 62' lang='lat'><strong>‘28</strong></span> 
     </span>
    </p>
   </div>
   <div class='ocr_carea' id='block_1_4' title="bbox 444 529 3671 628">
    <p class='ocr_par' dir='ltr' id='par_1_4' title="bbox 444 529 3671 628">
     <span class='ocr_line' id='line_1_4' title="bbox 444 529 3671 628; baseline -0.011 -14"><span class='ocrx_word' id='word_1_11' title='bbox 444 555 867 628; x_wconf 73' lang='lat' dir='ltr'><strong>surripiat,quoil</strong></span> <span class='ocrx_word' id='word_1_12' title='bbox 903 563 982 608; x_wconf 86' lang='lat' dir='ltr'><strong>est</strong></span> <span class='ocrx_word' id='word_1_13' title='bbox 1011 551 1319 621; x_wconf 65' lang='lat' dir='ltr'><strong>prudentiae.</strong></span> <span class='ocrx_word' id='word_1_14' title='bbox 1354 549 1648 618; x_wconf 75' lang='lat' dir='ltr'><strong>Longitudo</strong></span> <span class='ocrx_word' id='word_1_15' title='bbox 1679 554 1851 599; x_wconf 89' lang='lat' dir='ltr'><strong>autem</strong></span> <span class='ocrx_word' id='word_1_16' title='bbox 1875 556 1992 595; x_wconf 85' lang='lat' dir='ltr'><strong>cor-</strong></span> <span class='ocrx_word' id='word_1_17' title='bbox 2023 542 2071 599; x_wconf 79' lang='grc' dir='ltr'>Α</span> <span class='ocrx_word' id='word_1_18' title='bbox 2099 551 2194 590; x_wconf 91' lang='lat' dir='ltr'><strong>suo</strong></span> <span class='ocrx_word' id='word_1_19' title='bbox 2221 537 2449 604; x_wconf 86' lang='lat' dir='ltr'><strong>tegmine</strong></span> <span class='ocrx_word' id='word_1_20' title='bbox 2479 533 2760 600; x_wconf 86' lang='lat' dir='ltr'><strong>faciebant,</strong></span> <span class='ocrx_word' id='word_1_21' title='bbox 2792 547 2887 586; x_wconf 87' lang='lat' dir='ltr'><strong>nos</strong></span> <span class='ocrx_word' id='word_1_22' title='bbox 2915 531 3352 600; x_wconf 87' lang='lat' dir='ltr'><strong>designaverunt,</strong></span> <span class='ocrx_word' id='word_1_23' title='bbox 3415 529 3507 597; x_wconf 90' lang='lat' dir='ltr'><strong>qui</strong></span> <span class='ocrx_word' id='word_1_24' title='bbox 3551 540 3671 598; x_wconf 84' lang='lat' dir='ltr'><strong>post</strong></span> 
     </span>
    </p>
   </div>
   <div class='ocr_carea' id='block_1_5' title="bbox 447 639 2004 715">
    <p class='ocr_par' dir='ltr' id='par_1_5' title="bbox 447 639 2004 715">
     <span class='ocr_line' id='line_1_5' title="bbox 447 639 2004 715; baseline -0.013 -11"><span class='ocrx_word' id='word_1_25' title='bbox 447 653 673 704; x_wconf 85' lang='lat' dir='ltr'><strong>tinarum</strong></span> <span class='ocrx_word' id='word_1_26' title='bbox 707 646 890 715; x_wconf 84' lang='lat' dir='ltr'><strong>viginti</strong></span> <span class='ocrx_word' id='word_1_27' title='bbox 911 655 1030 698; x_wconf 87' lang='lat' dir='ltr'><strong>octo</strong></span> <span class='ocrx_word' id='word_1_28' title='bbox 1047 651 1163 695; x_wconf 87' lang='lat' dir='ltr'><strong>erat</strong></span> <span class='ocrx_word' id='word_1_29' title='bbox 1191 640 1510 700; x_wconf 81' lang='lat' dir='ltr'><strong>cubitorum,</strong></span> <span class='ocrx_word' id='word_1_30' title='bbox 1533 639 1620 704; x_wconf 91' lang='lat' dir='ltr'><strong>qui</strong></span> <span class='ocrx_word' id='word_1_31' title='bbox 1651 644 1730 689; x_wconf 71' lang='lat' dir='ltr'><strong>est</strong></span> <span class='ocrx_word' id='word_1_32' title='bbox 1755 643 2004 686; x_wconf 89' lang='lat' dir='ltr'><strong>numerus</strong></span> 
     </span>
    </p>
   </div>
   <div class='ocr_carea' id='block_1_6' title="bbox 451 727 2005 808">
    <p class='ocr_par' dir='ltr' id='par_1_6' title="bbox 451 727 2005 808">
     <span class='ocr_line' id='line_1_6' title="bbox 451 727 2005 808; baseline -0.013 -16"><span class='ocrx_word' id='word_1_33' title='bbox 451 738 819 808; x_wconf 85' lang='lat' dir='ltr'><strong>quaternarius</strong></span> <span class='ocrx_word' id='word_1_34' title='bbox 873 733 1065 802; x_wconf 74' lang='lat' dir='ltr'><strong>septies</strong></span> <span class='ocrx_word' id='word_1_35' title='bbox 1113 730 1322 793; x_wconf 90' lang='lat' dir='ltr'><strong>ductus,</strong></span> <span class='ocrx_word' id='word_1_36' title='bbox 1369 727 1670 794; x_wconf 86' lang='lat' dir='ltr'><strong>scptenario</strong></span> <span class='ocrx_word' id='word_1_37' title='bbox 1701 732 1877 776; x_wconf 82' lang='lat' dir='ltr'><strong>autem</strong></span> <span class='ocrx_word' id='word_1_38' title='bbox 1908 735 2005 773; x_wconf 85' lang='lat' dir='ltr'><strong>nu-</strong></span> 
     </span>
    </p>
   </div>
   <div class='ocr_carea' id='block_1_7' title="bbox 454 818 2004 896">
    <p class='ocr_par' dir='ltr' id='par_1_7' title="bbox 454 818 2004 896">
     <span class='ocr_line' id='line_1_7' title="bbox 454 818 2004 896; baseline -0.015 -11"><span class='ocrx_word' id='word_1_39' title='bbox 454 845 602 884; x_wconf 90' lang='lat' dir='ltr'><strong>mero</strong></span> <span class='ocrx_word' id='word_1_40' title='bbox 631 838 837 896; x_wconf 79' lang='lat' dir='ltr'><strong>propter</strong></span> <span class='ocrx_word' id='word_1_41' title='bbox 860 825 997 878; x_wconf 91' lang='lat' dir='ltr'><strong>diem</strong></span> <span class='ocrx_word' id='word_1_42' title='bbox 1030 822 1234 876; x_wconf 81' lang='lat' dir='ltr'><strong>sabbati</strong></span> <span class='ocrx_word' id='word_1_43' title='bbox 1264 821 1397 872; x_wconf 90' lang='lat' dir='ltr'><strong>solet</strong></span> <span class='ocrx_word' id='word_1_44' title='bbox 1421 818 1627 886; x_wconf 91' lang='lat' dir='ltr'><strong>requies</strong></span> <span class='ocrx_word' id='word_1_45' title='bbox 1658 825 1853 868; x_wconf 84' lang='lat' dir='ltr'><strong>:cterna</strong></span> <span class='ocrx_word' id='word_1_46' title='bbox 1884 824 2004 862; x_wconf 80' lang='lat' dir='ltr'><strong>san-</strong></span> 
     </span>
    </p>
   </div>
   <div class='ocr_carea' id='block_1_8' title="bbox 446 900 2006 985">
    <p class='ocr_par' dir='ltr' id='par_1_8' title="bbox 446 900 2006 985">
     <span class='ocr_line' id='line_1_8' title="bbox 446 900 2006 985; baseline -0.014 -12"><span class='ocrx_word' id='word_1_47' title='bbox 446 935 649 974; x_wconf 83' lang='lat' dir='ltr'><strong>ctorum</strong></span> <span class='ocrx_word' id='word_1_48' title='bbox 682 917 910 985; x_wconf 70' lang='lat' dir='ltr'><strong>figurari.</strong></span> <span class='ocrx_word' id='word_1_49' title='bbox 947 910 1244 980; x_wconf 86' lang='lat' dir='ltr'><strong>Longitudo</strong></span> <span class='ocrx_word' id='word_1_50' title='bbox 1275 923 1401 978; x_wconf 79' lang='lat' dir='ltr'><strong>ergo</strong></span> <span class='ocrx_word' id='word_1_51' title='bbox 1433 907 1774 967; x_wconf 88' lang='lat' dir='ltr'><strong>cortinarum,</strong></span> <span class='ocrx_word' id='word_1_52' title='bbox 1807 900 1857 954; x_wconf 91' lang='lat' dir='ltr'><strong>in</strong></span> <span class='ocrx_word' id='word_1_53' title='bbox 1880 914 2006 969; x_wconf 87' lang='lat' dir='ltr'><strong>qua-</strong></span> 
     </span>
    </p>
   </div>
   <div class='ocr_carea' id='block_1_9' title="bbox 449 992 2009 1076">
    <p class='ocr_par' dir='ltr' id='par_1_9' title="bbox 449 992 2009 1076">
     <span class='ocr_line' id='line_1_9' title="bbox 449 992 2009 1076; baseline -0.012 -16"><span class='ocrx_word' id='word_1_54' title='bbox 449 1023 526 1062; x_wconf 61' lang='lat' dir='ltr'><strong>ter</strong></span> <span class='ocrx_word' id='word_1_55' title='bbox 557 1018 803 1076; x_wconf 88' lang='lat' dir='ltr'><strong>septenos</strong></span> <span class='ocrx_word' id='word_1_56' title='bbox 851 1004 1148 1058; x_wconf 70' lang='lat' dir='ltr'><strong>extmdilur</strong></span> <span class='ocrx_word' id='word_1_57' title='bbox 1186 1000 1422 1062; x_wconf 82' lang='lat' dir='ltr'><strong>cubitus;</strong></span> <span class='ocrx_word' id='word_1_58' title='bbox 1456 996 1576 1066; x_wconf 84' lang='lat' dir='ltr'><strong>quia</strong></span> <span class='ocrx_word' id='word_1_59' title='bbox 1625 1008 1715 1063; x_wconf 92' lang='lat' dir='ltr'><strong>per</strong></span> <span class='ocrx_word' id='word_1_60' title='bbox 1764 992 1921 1045; x_wconf 89' lang='lat' dir='ltr'><strong>fidem</strong></span> <span class='ocrx_word' id='word_1_61' title='bbox 1956 998 2009 1042; x_wconf 91' lang='lat' dir='ltr'><strong>et</strong></span> 
     </span>
    </p>
   </div>
   <div class='ocr_carea' id='block_1_10' title="bbox 447 1081 2009 1158">
    <p class='ocr_par' dir='ltr' id='par_1_10' title="bbox 447 1081 2009 1158">
     <span class='ocr_line' id='line_1_10' title="bbox 447 1081 2009 1158; baseline -0.014 -5"><span class='ocrx_word' id='word_1_62' title='bbox 447 1099 738 1154; x_wconf 83' lang='lat' dir='ltr'><strong>custodiam</strong></span> <span class='ocrx_word' id='word_1_63' title='bbox 793 1095 1044 1148; x_wconf 63' lang='lat' dir='ltr'><strong>doctrina:</strong></span> <span class='ocrx_word' id='word_1_64' title='bbox 1089 1089 1444 1158; x_wconf 70' lang='lat' dir='ltr'><strong>evangelicm,</strong></span> <span class='ocrx_word' id='word_1_65' title='bbox 1505 1097 1705 1154; x_wconf 79' lang='lat' dir='ltr'><strong>perque</strong></span> <span class='ocrx_word' id='word_1_66' title='bbox 1757 1081 2009 1136; x_wconf 88' lang='lat' dir='ltr'><strong>exercitia</strong></span> 
     </span>
    </p>
   </div>
   <div class='ocr_carea' id='block_1_11' title="bbox 451 1170 2010 1258">
    <p class='ocr_par' dir='ltr' id='par_1_11' title="bbox 451 1170 2010 1258">
     <span class='ocr_line' id='line_1_11' title="bbox 451 1170 2010 1258; baseline -0.012 -18"><span class='ocrx_word' id='word_1_67' title='bbox 451 1189 824 1258; x_wconf 74' lang='lat' dir='ltr'><strong>spiritualium,</strong></span> <span class='ocrx_word' id='word_1_68' title='bbox 852 1186 917 1238; x_wconf 91' lang='lat' dir='ltr'><strong>de</strong></span> <span class='ocrx_word' id='word_1_69' title='bbox 938 1183 1126 1254; x_wconf 87' lang='lat' dir='ltr'><strong>quibus</strong></span> <span class='ocrx_word' id='word_1_70' title='bbox 1155 1179 1403 1242; x_wconf 82' lang='lat' dir='ltr'><strong>diximus,</strong></span> <span class='ocrx_word' id='word_1_71' title='bbox 1456 1176 1705 1230; x_wconf 78' lang='lat' dir='ltr'><strong>virtutum</strong></span> <span class='ocrx_word' id='word_1_72' title='bbox 1757 1170 2010 1239; x_wconf 80' lang='lat' dir='ltr'><strong>patientia</strong></span> 
     </span>
    </p>
   </div>
   <div class='ocr_carea' id='block_1_12' title="bbox 455 1262 2010 1348">
    <p class='ocr_par' dir='ltr' id='par_1_12' title="bbox 455 1262 2010 1348">
     <span class='ocr_line' id='line_1_12' title="bbox 455 1262 2010 1348; baseline -0.014 -16"><span class='ocrx_word' id='word_1_73' title='bbox 455 1279 765 1348; x_wconf 85' lang='lat' dir='ltr'><strong>longanimis</strong></span> <span class='ocrx_word' id='word_1_74' title='bbox 791 1285 986 1329; x_wconf 70' lang='lat' dir='ltr'><strong>sanctae</strong></span> <span class='ocrx_word' id='word_1_75' title='bbox 1007 1270 1258 1325; x_wconf 78' lang='lat' dir='ltr'><strong>Ecclesia:</strong></span> <span class='ocrx_word' id='word_1_76' title='bbox 1289 1267 1352 1321; x_wconf 91' lang='lat' dir='ltr'><strong>ad</strong></span> <span class='ocrx_word' id='word_1_77' title='bbox 1383 1265 1615 1334; x_wconf 86' lang='lat' dir='ltr'><strong>requiem</strong></span> <span class='ocrx_word' id='word_1_78' title='bbox 1666 1262 1837 1316; x_wconf 86' lang='lat' dir='ltr'><strong>tendit</strong></span> <span class='ocrx_word' id='word_1_79' title='bbox 1861 1269 2010 1312; x_wconf 73' lang='lat' dir='ltr'><strong>teter-</strong></span> 
     </span>
    </p>
   </div>
   <div class='ocr_carea' id='block_1_13' title="bbox 463 1356 2011 1423">
    <p class='ocr_par' dir='ltr' id='par_1_13' title="bbox 463 1356 2011 1423">
     <span class='ocr_line' id='line_1_13' title="bbox 463 1356 2011 1423; baseline -0.016 0"><span class='ocrx_word' id='word_1_80' title='bbox 463 1385 605 1423; x_wconf 86' lang='lat' dir='ltr'><strong>nam.</strong></span> <span class='ocrx_word' id='word_1_81' title='bbox 633 1370 717 1421; x_wconf 83' lang='lat' dir='ltr'><strong>Est</strong></span> <span class='ocrx_word' id='word_1_82' title='bbox 741 1374 796 1419; x_wconf 90' lang='lat' dir='ltr'><strong>et</strong></span> <span class='ocrx_word' id='word_1_83' title='bbox 821 1363 961 1418; x_wconf 86' lang='lat' dir='ltr'><strong>aliud</strong></span> <span class='ocrx_word' id='word_1_84' title='bbox 999 1365 1049 1415; x_wconf 92' lang='lat' dir='ltr'><strong>in</strong></span> <span class='ocrx_word' id='word_1_85' title='bbox 1081 1356 1540 1417; x_wconf 82' lang='lat' dir='ltr'><strong>duodetriceuario</strong></span> <span class='ocrx_word' id='word_1_86' title='bbox 1581 1367 1802 1406; x_wconf 90' lang='lat' dir='ltr'><strong>numero</strong></span> <span class='ocrx_word' id='word_1_87' title='bbox 1834 1363 2011 1403; x_wconf 88' lang='lat' dir='ltr'><strong>sacra-</strong></span> 
     </span>
    </p>
   </div>
   <div class='ocr_carea' id='block_1_14' title="bbox 465 1436 2016 1523">
    <p class='ocr_par' dir='ltr' id='par_1_14' title="bbox 465 1436 2016 1523">
     <span class='ocr_line' id='line_1_14' title="bbox 465 1436 2016 1523; baseline -0.015 -10"><span class='ocrx_word' id='word_1_88' title='bbox 465 1471 722 1520; x_wconf 84' lang='lat' dir='ltr'><strong>mentum,</strong></span> <span class='ocrx_word' id='word_1_89' title='bbox 754 1469 902 1523; x_wconf 85' lang='lat' dir='ltr'><strong>:cque</strong></span> <span class='ocrx_word' id='word_1_90' title='bbox 930 1453 992 1506; x_wconf 89' lang='lat' dir='ltr'><strong>ad</strong></span> <span class='ocrx_word' id='word_1_91' title='bbox 1023 1449 1375 1519; x_wconf 89' lang='lat' dir='ltr'><strong>septenarium</strong></span> <span class='ocrx_word' id='word_1_92' title='bbox 1401 1444 1687 1513; x_wconf 81' lang='lat' dir='ltr'><strong>pertinens.</strong></span> <span class='ocrx_word' id='word_1_93' title='bbox 1710 1441 1764 1495; x_wconf 88' lang='lat' dir='ltr'><strong>Si</strong></span> <span class='ocrx_word' id='word_1_94' title='bbox 1786 1439 1924 1494; x_wconf 91' lang='lat' dir='ltr'><strong>enim</strong></span> <span class='ocrx_word' id='word_1_95' title='bbox 1949 1436 2016 1490; x_wconf 89' lang='lat' dir='ltr'><strong>ab</strong></span> 
     </span>
    </p>
   </div>
   <div class='ocr_carea' id='block_1_15' title="bbox 465 1530 2018 1615">
    <p class='ocr_par' dir='ltr' id='par_1_15' title="bbox 465 1530 2018 1615">
     <span class='ocr_line' id='line_1_15' title="bbox 465 1530 2018 1615; baseline -0.015 -12"><span class='ocrx_word' id='word_1_96' title='bbox 465 1563 569 1603; x_wconf 86' lang='lat' dir='ltr'><strong>uno</strong></span> <span class='ocrx_word' id='word_1_97' title='bbox 597 1561 758 1615; x_wconf 89' lang='lat' dir='ltr'><strong>usque</strong></span> <span class='ocrx_word' id='word_1_98' title='bbox 787 1547 849 1598; x_wconf 91' lang='lat' dir='ltr'><strong>ad</strong></span> <span class='ocrx_word' id='word_1_99' title='bbox 879 1554 1080 1611; x_wconf 78' lang='lat' dir='ltr'><strong>septem</strong></span> <span class='ocrx_word' id='word_1_100' title='bbox 1105 1553 1289 1594; x_wconf 86' lang='lat' dir='ltr'><strong>omnes</strong></span> <span class='ocrx_word' id='word_1_101' title='bbox 1316 1539 1366 1591; x_wconf 91' lang='lat' dir='ltr'><strong>in</strong></span> <span class='ocrx_word' id='word_1_102' title='bbox 1392 1535 1565 1590; x_wconf 89' lang='lat' dir='ltr'><strong>medio</strong></span> <span class='ocrx_word' id='word_1_103' title='bbox 1587 1546 1839 1586; x_wconf 88' lang='lat' dir='ltr'><strong>numeros</strong></span> <span class='ocrx_word' id='word_1_104' title='bbox 1863 1530 2018 1596; x_wconf 86' lang='lat' dir='ltr'><strong>pleno</strong></span> 
     </span>
    </p>
   </div>
   <div class='ocr_carea' id='block_1_16' title="bbox 463 1619 2013 1700">
    <p class='ocr_par' dir='ltr' id='par_1_16' title="bbox 463 1619 2013 1700">
     <span class='ocr_line' id='line_1_16' title="bbox 463 1619 2013 1700; baseline -0.015 -8"><span class='ocrx_word' id='word_1_105' title='bbox 463 1643 648 1696; x_wconf 84' lang='lat' dir='ltr'><strong>ordine</strong></span> <span class='ocrx_word' id='word_1_106' title='bbox 676 1651 949 1692; x_wconf 87' lang='lat' dir='ltr'><strong>numerare</strong></span> <span class='ocrx_word' id='word_1_107' title='bbox 971 1633 1220 1695; x_wconf 84' lang='lat' dir='ltr'><strong>volueris,</strong></span> <span class='ocrx_word' id='word_1_108' title='bbox 1251 1628 1430 1700; x_wconf 79' lang='lat' dir='ltr'><strong>viginti</strong></span> <span class='ocrx_word' id='word_1_109' title='bbox 1456 1635 1508 1680; x_wconf 89' lang='lat' dir='ltr'><strong>et</strong></span> <span class='ocrx_word' id='word_1_110' title='bbox 1540 1637 1662 1680; x_wconf 91' lang='lat' dir='ltr'><strong>octo</strong></span> <span class='ocrx_word' id='word_1_111' title='bbox 1683 1619 2013 1691; x_wconf 86' lang='lat' dir='ltr'><strong>complebis;</strong></span> 
     </span>
    </p>
   </div>
   <div class='ocr_carea' id='block_1_17' title="bbox 467 1712 2014 1798">
    <p class='ocr_par' dir='ltr' id='par_1_17' title="bbox 467 1712 2014 1798">
     <span class='ocr_line' id='line_1_17' title="bbox 467 1712 2014 1798; baseline -0.015 -11"><span class='ocrx_word' id='word_1_112' title='bbox 467 1748 628 1787; x_wconf 87' lang='lat' dir='ltr'><strong>unum</strong></span> <span class='ocrx_word' id='word_1_113' title='bbox 655 1736 965 1798; x_wconf 85' lang='lat' dir='ltr'><strong>namque,et</strong></span> <span class='ocrx_word' id='word_1_114' title='bbox 990 1726 1115 1790; x_wconf 92' lang='lat' dir='ltr'><strong>duo,</strong></span> <span class='ocrx_word' id='word_1_115' title='bbox 1143 1733 1195 1778; x_wconf 91' lang='lat' dir='ltr'><strong>et</strong></span> <span class='ocrx_word' id='word_1_116' title='bbox 1218 1724 1334 1786; x_wconf 88' lang='lat' dir='ltr'><strong>tria,</strong></span> <span class='ocrx_word' id='word_1_117' title='bbox 1356 1731 1409 1775; x_wconf 91' lang='lat' dir='ltr'><strong>et</strong></span> <span class='ocrx_word' id='word_1_118' title='bbox 1429 1729 1668 1790; x_wconf 86' lang='lat' dir='ltr'><strong>quatuor,</strong></span> <span class='ocrx_word' id='word_1_119' title='bbox 1695 1726 1746 1769; x_wconf 91' lang='lat' dir='ltr'><strong>et</strong></span> <span class='ocrx_word' id='word_1_120' title='bbox 1764 1712 2014 1783; x_wconf 88' lang='lat' dir='ltr'><strong>quinque,</strong></span> 
     </span>
    </p>
   </div>
   <div class='ocr_carea' id='block_1_18' title="bbox 466 1800 2019 1885">
    <p class='ocr_par' dir='ltr' id='par_1_18' title="bbox 466 1800 2019 1885">
     <span class='ocr_line' id='line_1_18' title="bbox 466 1800 2019 1885; baseline -0.016 -9"><span class='ocrx_word' id='word_1_121' title='bbox 466 1832 520 1877; x_wconf 85' lang='lat' dir='ltr'><strong>et</strong></span> <span class='ocrx_word' id='word_1_122' title='bbox 541 1837 660 1881; x_wconf 84' lang='lat' dir='ltr'><strong>sex,</strong></span> <span class='ocrx_word' id='word_1_123' title='bbox 694 1827 748 1873; x_wconf 91' lang='lat' dir='ltr'><strong>et</strong></span> <span class='ocrx_word' id='word_1_124' title='bbox 777 1827 1003 1885; x_wconf 87' lang='lat' dir='ltr'><strong>septem,</strong></span> <span class='ocrx_word' id='word_1_125' title='bbox 1031 1815 1159 1866; x_wconf 91' lang='lat' dir='ltr'><strong>fiunt</strong></span> <span class='ocrx_word' id='word_1_126' title='bbox 1187 1811 1367 1881; x_wconf 86' lang='lat' dir='ltr'><strong>viginti</strong></span> <span class='ocrx_word' id='word_1_127' title='bbox 1393 1819 1445 1864; x_wconf 93' lang='lat' dir='ltr'><strong>et</strong></span> <span class='ocrx_word' id='word_1_128' title='bbox 1474 1817 1616 1861; x_wconf 88' lang='lat' dir='ltr'><strong>octo.</strong></span> <span class='ocrx_word' id='word_1_129' title='bbox 1657 1805 1785 1871; x_wconf 77' lang='lat' dir='ltr'><strong>Quia</strong></span> <span class='ocrx_word' id='word_1_130' title='bbox 1815 1816 1942 1868; x_wconf 89' lang='lat' dir='ltr'><strong>ergo</strong></span> <span class='ocrx_word' id='word_1_131' title='bbox 1969 1800 2019 1852; x_wconf 91' lang='lat' dir='ltr'><strong>in</strong></span> 
     </span>
    </p>
   </div>
   <div class='ocr_carea' id='block_1_19' title="bbox 2104 622 3670 686">
    <p class='ocr_par' dir='ltr' id='par_1_19' title="bbox 2104 622 3670 686">
     <span class='ocr_line' id='line_1_19' title="bbox 2104 622 3670 686; baseline -0.006 -6"><span class='ocrx_word' id='word_1_132' title='bbox 2104 628 2388 682; x_wconf 79' lang='lat' dir='ltr'><strong>adventum</strong></span> <span class='ocrx_word' id='word_1_133' title='bbox 2411 626 2615 679; x_wconf 89' lang='lat' dir='ltr'><strong>Domini</strong></span> <span class='ocrx_word' id='word_1_134' title='bbox 2645 627 2695 678; x_wconf 92' lang='lat' dir='ltr'><strong>in</strong></span> <span class='ocrx_word' id='word_1_135' title='bbox 2727 638 2887 678; x_wconf 85' lang='lat' dir='ltr'><strong>carne</strong></span> <span class='ocrx_word' id='word_1_136' title='bbox 2911 625 3034 686; x_wconf 84' lang='lat' dir='ltr'><strong>nati,</strong></span> <span class='ocrx_word' id='word_1_137' title='bbox 3059 622 3219 675; x_wconf 85' lang='lat' dir='ltr'><strong>lihros</strong></span> <span class='ocrx_word' id='word_1_138' title='bbox 3245 636 3308 674; x_wconf 93' lang='lat' dir='ltr'><strong>ac</strong></span> <span class='ocrx_word' id='word_1_139' title='bbox 3333 631 3670 674; x_wconf 82' lang='lat' dir='ltr'><strong>sacramenta</strong></span> 
     </span>
    </p>
   </div>
   <div class='ocr_carea' id='block_1_20' title="bbox 2112 712 3673 789">
    <p class='ocr_par' dir='ltr' id='par_1_20' title="bbox 2112 712 3673 789">
     <span class='ocr_line' id='line_1_20' title="bbox 2112 712 3673 789; baseline -0.007 -15"><span class='ocrx_word' id='word_1_140' title='bbox 2112 721 2245 789; x_wconf 80' lang='lat' dir='ltr'><strong>legis</strong></span> <span class='ocrx_word' id='word_1_141' title='bbox 2291 718 2630 786; x_wconf 88' lang='lat' dir='ltr'><strong>spiritualiter</strong></span> <span class='ocrx_word' id='word_1_142' title='bbox 2658 716 2772 785; x_wconf 89' lang='lat' dir='ltr'><strong>ipso</strong></span> <span class='ocrx_word' id='word_1_143' title='bbox 2811 714 3081 770; x_wconf 87' lang='lat' dir='ltr'><strong>revelante</strong></span> <span class='ocrx_word' id='word_1_144' title='bbox 3109 728 3172 766; x_wconf 85' lang='lat' dir='ltr'><strong>ac</strong></span> <span class='ocrx_word' id='word_1_145' title='bbox 3206 712 3441 766; x_wconf 82' lang='lat' dir='ltr'><strong>donante</strong></span> <span class='ocrx_word' id='word_1_146' title='bbox 3489 726 3673 765; x_wconf 82' lang='lat' dir='ltr'><strong>serva-</strong></span> 
     </span>
    </p>
   </div>
   <div class='ocr_carea' id='block_1_21' title="bbox 2113 803 3676 879">
    <p class='ocr_par' dir='ltr' id='par_1_21' title="bbox 2113 803 3676 879">
     <span class='ocr_line' id='line_1_21' title="bbox 2113 803 3676 879; baseline -0.004 -16"><span class='ocrx_word' id='word_1_147' title='bbox 2113 826 2252 864; x_wconf 88' lang='lat' dir='ltr'><strong>mus.</strong></span> <span class='ocrx_word' id='word_1_148' title='bbox 2274 810 2338 864; x_wconf 83' lang='lat' dir='ltr'><strong>Et</strong></span> <span class='ocrx_word' id='word_1_149' title='bbox 2370 810 2581 879; x_wconf 80' lang='lat' dir='ltr'><strong>quidem</strong></span> <span class='ocrx_word' id='word_1_150' title='bbox 2607 821 2794 861; x_wconf 90' lang='lat' dir='ltr'><strong>omnes</strong></span> <span class='ocrx_word' id='word_1_151' title='bbox 2819 807 3036 859; x_wconf 74' lang='lat' dir='ltr'><strong>cortina:</strong></span> <span class='ocrx_word' id='word_1_152' title='bbox 3055 806 3208 860; x_wconf 87' lang='lat' dir='ltr'><strong>unius</strong></span> <span class='ocrx_word' id='word_1_153' title='bbox 3227 805 3424 872; x_wconf 84' lang='lat' dir='ltr'><strong>aperis,</strong></span> <span class='ocrx_word' id='word_1_154' title='bbox 3447 803 3676 857; x_wconf 86' lang='lat' dir='ltr'><strong>eisdem-</strong></span> 
     </span>
    </p>
   </div>
   <div class='ocr_carea' id='block_1_22' title="bbox 2108 894 3675 969">
    <p class='ocr_par' dir='ltr' id='par_1_22' title="bbox 2108 894 3675 969">
     <span class='ocr_line' id='line_1_22' title="bbox 2108 894 3675 969; baseline -0.002 -19"><span class='ocrx_word' id='word_1_155' title='bbox 2108 915 2213 969; x_wconf 91' lang='lat' dir='ltr'><strong>que</strong></span> <span class='ocrx_word' id='word_1_156' title='bbox 2243 909 2393 952; x_wconf 88' lang='lat' dir='ltr'><strong>erant</strong></span> <span class='ocrx_word' id='word_1_157' title='bbox 2419 900 2639 967; x_wconf 80' lang='lat' dir='ltr'><strong>depicta:</strong></span> <span class='ocrx_word' id='word_1_158' title='bbox 2667 896 2956 960; x_wconf 85' lang='lat' dir='ltr'><strong>coloribus,</strong></span> <span class='ocrx_word' id='word_1_159' title='bbox 2988 895 3079 948; x_wconf 86' lang='lat' dir='ltr'><strong>sed</strong></span> <span class='ocrx_word' id='word_1_160' title='bbox 3116 895 3291 962; x_wconf 80' lang='lat' dir='ltr'><strong>quin</strong></span> <span class='ocrx_word' id='word_1_161' title='bbox 3321 894 3534 947; x_wconf 87' lang='lat' dir='ltr'><strong>sibimet</strong></span> <span class='ocrx_word' id='word_1_162' title='bbox 3562 909 3675 947; x_wconf 81' lang='lat' dir='ltr'><strong>mn-</strong></span> 
     </span>
    </p>
   </div>
   <div class='ocr_carea' id='block_1_23' title="bbox 2110 985 3676 1060">
    <p class='ocr_par' dir='ltr' id='par_1_23' title="bbox 2110 985 3676 1060">
     <span class='ocr_line' id='line_1_23' title="bbox 2110 985 3676 1060; baseline -0.004 -17"><span class='ocrx_word' id='word_1_163' title='bbox 2110 1000 2199 1044; x_wconf 91' lang='lat' dir='ltr'><strong>tuo</strong></span> <span class='ocrx_word' id='word_1_164' title='bbox 2229 991 2555 1060; x_wconf 57' lang='lat' dir='ltr'><strong>conjuncta;</strong></span> <span class='ocrx_word' id='word_1_165' title='bbox 2588 989 2710 1056; x_wconf 87' lang='lat' dir='ltr'><strong>quia</strong></span> <span class='ocrx_word' id='word_1_166' title='bbox 2737 1002 2919 1042; x_wconf 89' lang='lat' dir='ltr'><strong>omnes</strong></span> <span class='ocrx_word' id='word_1_167' title='bbox 2949 988 3218 1056; x_wconf 89' lang='lat' dir='ltr'><strong>utriusque</strong></span> <span class='ocrx_word' id='word_1_168' title='bbox 3239 985 3541 1040; x_wconf 89' lang='lat' dir='ltr'><strong>testamenti</strong></span> <span class='ocrx_word' id='word_1_169' title='bbox 3563 986 3676 1040; x_wconf 85' lang='lat' dir='ltr'><strong>cul-</strong></span> 
     </span>
    </p>
   </div>
   <div class='ocr_carea' id='block_1_24' title="bbox 2109 1077 3674 1148">
    <p class='ocr_par' dir='ltr' id='par_1_24' title="bbox 2109 1077 3674 1148">
     <span class='ocr_line' id='line_1_24' title="bbox 2109 1077 3674 1148; baseline -0.005 -12"><span class='ocrx_word' id='word_1_170' title='bbox 2109 1090 2249 1136; x_wconf 90' lang='lat' dir='ltr'><strong>tores</strong></span> <span class='ocrx_word' id='word_1_171' title='bbox 2298 1083 2348 1134; x_wconf 90' lang='lat' dir='ltr'><strong>iu</strong></span> <span class='ocrx_word' id='word_1_172' title='bbox 2382 1097 2540 1133; x_wconf 88' lang='lat' dir='ltr'><strong>unum</strong></span> <span class='ocrx_word' id='word_1_173' title='bbox 2572 1079 2924 1148; x_wconf 84' lang='lat' dir='ltr'><strong>eumdemque</strong></span> <span class='ocrx_word' id='word_1_174' title='bbox 2966 1079 3126 1131; x_wconf 88' lang='lat' dir='ltr'><strong>Deum</strong></span> <span class='ocrx_word' id='word_1_175' title='bbox 3154 1077 3465 1138; x_wconf 84' lang='lat' dir='ltr'><strong>credebant,</strong></span> <span class='ocrx_word' id='word_1_176' title='bbox 3516 1078 3674 1129; x_wconf 87' lang='lat' dir='ltr'><strong>unius</strong></span> 
     </span>
    </p>
   </div>
   <div class='ocr_carea' id='block_1_25' title="bbox 2117 1170 3677 1243">
    <p class='ocr_par' dir='ltr' id='par_1_25' title="bbox 2117 1170 3677 1243">
     <span class='ocr_line' id='line_1_25' title="bbox 2117 1170 3677 1243; baseline -0.006 -13"><span class='ocrx_word' id='word_1_177' title='bbox 2117 1175 2466 1243; x_wconf 79' lang='lat' dir='ltr'><strong>ejusdemque</strong></span> <span class='ocrx_word' id='word_1_178' title='bbox 2499 1173 2711 1241; x_wconf 83' lang='lat' dir='ltr'><strong>pietatis</strong></span> <span class='ocrx_word' id='word_1_179' title='bbox 2729 1179 2782 1226; x_wconf 90' lang='lat' dir='ltr'><strong>et</strong></span> <span class='ocrx_word' id='word_1_180' title='bbox 2799 1172 3054 1225; x_wconf 84' lang='lat' dir='ltr'><strong>castitatis</strong></span> <span class='ocrx_word' id='word_1_181' title='bbox 3081 1171 3329 1241; x_wconf 84' lang='lat' dir='ltr'><strong>operibus</strong></span> <span class='ocrx_word' id='word_1_182' title='bbox 3348 1170 3677 1236; x_wconf 78' lang='lat' dir='ltr'><strong>serviebant,</strong></span> 
     </span>
    </p>
   </div>
   <div class='ocr_carea' id='block_1_26' title="bbox 2111 1263 3679 1328">
    <p class='ocr_par' dir='ltr' id='par_1_26' title="bbox 2111 1263 3679 1328">
     <span class='ocr_line' id='line_1_26' title="bbox 2111 1263 3679 1328; baseline -0.004 -10"><span class='ocrx_word' id='word_1_183' title='bbox 2111 1265 2202 1318; x_wconf 89' lang='lat' dir='ltr'><strong>sed</strong></span> <span class='ocrx_word' id='word_1_184' title='bbox 2229 1265 2278 1316; x_wconf 90' lang='lat' dir='ltr'><strong>in</strong></span> <span class='ocrx_word' id='word_1_185' title='bbox 2317 1263 2676 1316; x_wconf 81' lang='lat' dir='ltr'><strong>celebratione</strong></span> <span class='ocrx_word' id='word_1_186' title='bbox 2703 1269 3154 1315; x_wconf 85' lang='lat' dir='ltr'><strong>sacramentorum</strong></span> <span class='ocrx_word' id='word_1_187' title='bbox 3183 1273 3306 1312; x_wconf 87' lang='lat' dir='ltr'><strong>suas</strong></span> <span class='ocrx_word' id='word_1_188' title='bbox 3339 1270 3560 1328; x_wconf 85' lang='lat' dir='ltr'><strong>uterque</strong></span> <span class='ocrx_word' id='word_1_189' title='bbox 3587 1275 3679 1327; x_wconf 87' lang='lat' dir='ltr'><strong>po-</strong></span> 
     </span>
    </p>
   </div>
   <div class='ocr_carea' id='block_1_27' title="bbox 2115 1351 3680 1424">
    <p class='ocr_par' dir='ltr' id='par_1_27' title="bbox 2115 1351 3680 1424">
     <span class='ocr_line' id='line_1_27' title="bbox 2115 1351 3680 1424; baseline -0.003 -16"><span class='ocrx_word' id='word_1_190' title='bbox 2115 1357 2266 1424; x_wconf 92' lang='lat' dir='ltr'><strong>pulus</strong></span> <span class='ocrx_word' id='word_1_191' title='bbox 2297 1355 2563 1408; x_wconf 89' lang='lat' dir='ltr'><strong>discretus</strong></span> <span class='ocrx_word' id='word_1_192' title='bbox 2589 1363 2760 1421; x_wconf 79' lang='lat' dir='ltr'><strong>partes</strong></span> <span class='ocrx_word' id='word_1_193' title='bbox 2791 1352 3033 1421; x_wconf 88' lang='lat' dir='ltr'><strong>agebant.</strong></span> <span class='ocrx_word' id='word_1_194' title='bbox 3063 1351 3192 1404; x_wconf 82' lang='lat' dir='ltr'><strong>Nam</strong></span> <span class='ocrx_word' id='word_1_195' title='bbox 3215 1351 3482 1418; x_wconf 81' lang='lat' dir='ltr'><strong>passionis</strong></span> <span class='ocrx_word' id='word_1_196' title='bbox 3509 1351 3680 1403; x_wconf 85' lang='lat' dir='ltr'><strong>domi-</strong></span> 
     </span>
    </p>
   </div>
   <div class='ocr_carea' id='block_1_28' title="bbox 2117 1441 3681 1513">
    <p class='ocr_par' dir='ltr' id='par_1_28' title="bbox 2117 1441 3681 1513">
     <span class='ocr_line' id='line_1_28' title="bbox 2117 1441 3681 1513; baseline -0.003 -14"><span class='ocrx_word' id='word_1_197' title='bbox 2117 1448 2268 1510; x_wconf 76' lang='lat' dir='ltr'><strong>niczn,</strong></span> <span class='ocrx_word' id='word_1_198' title='bbox 2304 1461 2396 1513; x_wconf 91' lang='lat' dir='ltr'><strong>per</strong></span> <span class='ocrx_word' id='word_1_199' title='bbox 2420 1460 2578 1512; x_wconf 87' lang='lat' dir='ltr'><strong>quam</strong></span> <span class='ocrx_word' id='word_1_200' title='bbox 2610 1444 2818 1512; x_wconf 88' lang='lat' dir='ltr'><strong>utrique</strong></span> <span class='ocrx_word' id='word_1_201' title='bbox 2838 1458 3019 1497; x_wconf 87' lang='lat' dir='ltr'><strong>sumus</strong></span> <span class='ocrx_word' id='word_1_202' title='bbox 3065 1441 3345 1512; x_wconf 73' lang='lat' dir='ltr'><strong>redempti,</strong></span> <span class='ocrx_word' id='word_1_203' title='bbox 3378 1457 3681 1495; x_wconf 76' lang='lat' dir='ltr'><strong>sacramen-</strong></span> 
     </span>
    </p>
   </div>
   <div class='ocr_carea' id='block_1_29' title="bbox 2119 1532 3680 1602">
    <p class='ocr_par' dir='ltr' id='par_1_29' title="bbox 2119 1532 3680 1602">
     <span class='ocr_line' id='line_1_29' title="bbox 2119 1532 3680 1602; baseline -0.003 -14"><span class='ocrx_word' id='word_1_204' title='bbox 2119 1544 2250 1600; x_wconf 86' lang='lat' dir='ltr'><strong>tum,</strong></span> <span class='ocrx_word' id='word_1_205' title='bbox 2306 1535 2376 1588; x_wconf 91' lang='lat' dir='ltr'><strong>illi</strong></span> <span class='ocrx_word' id='word_1_206' title='bbox 2425 1535 2478 1586; x_wconf 90' lang='lat' dir='ltr'><strong>in</strong></span> <span class='ocrx_word' id='word_1_207' title='bbox 2529 1549 2687 1588; x_wconf 80' lang='lat' dir='ltr'><strong>carne</strong></span> <span class='ocrx_word' id='word_1_208' title='bbox 2734 1549 2794 1586; x_wconf 89' lang='lat' dir='ltr'><strong>ac</strong></span> <span class='ocrx_word' id='word_1_209' title='bbox 2825 1534 3081 1602; x_wconf 89' lang='lat' dir='ltr'><strong>sanguine</strong></span> <span class='ocrx_word' id='word_1_210' title='bbox 3109 1534 3471 1596; x_wconf 87' lang='lat' dir='ltr'><strong>victimarum,</strong></span> <span class='ocrx_word' id='word_1_211' title='bbox 3503 1547 3598 1584; x_wconf 86' lang='lat' dir='ltr'><strong>nos</strong></span> <span class='ocrx_word' id='word_1_212' title='bbox 3627 1532 3680 1583; x_wconf 91' lang='lat' dir='ltr'><strong>in</strong></span> 
     </span>
    </p>
   </div>
   <div class='ocr_carea' id='block_1_30' title="bbox 2117 1623 3679 1692">
    <p class='ocr_par' dir='ltr' id='par_1_30' title="bbox 2117 1623 3679 1692">
     <span class='ocr_line' id='line_1_30' title="bbox 2117 1623 3679 1692; baseline -0.005 -12"><span class='ocrx_word' id='word_1_213' title='bbox 2117 1627 2378 1681; x_wconf 82' lang='lat' dir='ltr'><strong>oblatione</strong></span> <span class='ocrx_word' id='word_1_214' title='bbox 2410 1627 2559 1692; x_wconf 90' lang='lat' dir='ltr'><strong>panis</strong></span> <span class='ocrx_word' id='word_1_215' title='bbox 2588 1634 2640 1680; x_wconf 89' lang='lat' dir='ltr'><strong>et</strong></span> <span class='ocrx_word' id='word_1_216' title='bbox 2663 1625 2764 1678; x_wconf 87' lang='lat' dir='ltr'><strong>vini</strong></span> <span class='ocrx_word' id='word_1_217' title='bbox 2795 1625 3122 1678; x_wconf 62' lang='lat' dir='ltr'><strong>celebiamus</strong></span> <span class='ocrx_word' id='word_1_218' title='bbox 3150 1641 3160 1674; x_wconf 89' lang='lat'>:</span> <span class='ocrx_word' id='word_1_219' title='bbox 3199 1624 3271 1676; x_wconf 89' lang='lat' dir='ltr'><strong>illi</strong></span> <span class='ocrx_word' id='word_1_220' title='bbox 3302 1633 3582 1676; x_wconf 85' lang='lat' dir='ltr'><strong>venturam</strong></span> <span class='ocrx_word' id='word_1_221' title='bbox 3625 1623 3679 1673; x_wconf 89' lang='lat' dir='ltr'><strong>in</strong></span> 
     </span>
    </p>
   </div>
   <div class='ocr_carea' id='block_1_31' title="bbox 2121 1713 3691 1780">
    <p class='ocr_par' dir='ltr' id='par_1_31' title="bbox 2121 1713 3691 1780">
     <span class='ocr_line' id='line_1_31' title="bbox 2121 1713 3691 1780; baseline -0.004 -10"><span class='ocrx_word' id='word_1_222' title='bbox 2121 1732 2281 1770; x_wconf 87' lang='lat' dir='ltr'><strong>carne</strong></span> <span class='ocrx_word' id='word_1_223' title='bbox 2312 1717 2641 1769; x_wconf 71' lang='lat' dir='ltr'><strong>nativitatem</strong></span> <span class='ocrx_word' id='word_1_224' title='bbox 2668 1715 3005 1778; x_wconf 82' lang='lat' dir='ltr'><strong>dominicam,</strong></span> <span class='ocrx_word' id='word_1_225' title='bbox 3053 1714 3502 1780; x_wconf 64' lang='lat' dir='ltr'><strong>prmdicationem,</strong></span> <span class='ocrx_word' id='word_1_226' title='bbox 3529 1713 3691 1764; x_wconf 85' lang='lat' dir='ltr'><strong>virtu-</strong></span> 
     </span>
    </p>
   </div>
   <div class='ocr_carea' id='block_1_32' title="bbox 2126 1802 3690 1874">
    <p class='ocr_par' dir='ltr' id='par_1_32' title="bbox 2126 1802 3690 1874">
     <span class='ocr_line' id='line_1_32' title="bbox 2126 1802 3690 1874; baseline -0.005 -13"><span class='ocrx_word' id='word_1_227' title='bbox 2126 1819 2231 1861; x_wconf 90' lang='lat' dir='ltr'><strong>tum</strong></span> <span class='ocrx_word' id='word_1_228' title='bbox 2256 1806 2639 1874; x_wconf 88' lang='lat' dir='ltr'><strong>operationem,</strong></span> <span class='ocrx_word' id='word_1_229' title='bbox 2669 1805 3036 1866; x_wconf 88' lang='lat' dir='ltr'><strong>tentationem,</strong></span> <span class='ocrx_word' id='word_1_230' title='bbox 3086 1803 3414 1870; x_wconf 79' lang='lat' dir='ltr'><strong>passioiiem,</strong></span> <span class='ocrx_word' id='word_1_231' title='bbox 3457 1802 3690 1868; x_wconf 84' lang='lat' dir='ltr'><strong>sepultu-</strong></span> 
     </span>
    </p>
   </div>
   <div class='ocr_carea' id='block_1_33' title="bbox 469 1872 2043 1980">
    <p class='ocr_par' dir='ltr' id='par_1_33' title="bbox 469 1892 2019 1980">
     <span class='ocr_line' id='line_1_33' title="bbox 469 1892 2019 1980; baseline -0.014 -18"><span class='ocrx_word' id='word_1_232' title='bbox 469 1911 705 1980; x_wconf 79' lang='lat' dir='ltr'><strong>partihus</strong></span> <span class='ocrx_word' id='word_1_233' title='bbox 729 1907 1012 1976; x_wconf 86' lang='lat' dir='ltr'><strong>septenarii</strong></span> <span class='ocrx_word' id='word_1_234' title='bbox 1040 1905 1265 1965; x_wconf 88' lang='lat' dir='ltr'><strong>numeri,</strong></span> <span class='ocrx_word' id='word_1_235' title='bbox 1296 1911 1546 1954; x_wconf 91' lang='lat' dir='ltr'><strong>numerus</strong></span> <span class='ocrx_word' id='word_1_236' title='bbox 1577 1910 1643 1948; x_wconf 85' lang='lat' dir='ltr'><strong>xx</strong></span> <span class='ocrx_word' id='word_1_237' title='bbox 1680 1904 1728 1948; x_wconf 90' lang='lat' dir='ltr'><strong>et</strong></span> <span class='ocrx_word' id='word_1_238' title='bbox 1758 1907 1854 1944; x_wconf 87' lang='lat' dir='ltr'><strong>vm</strong></span> <span class='ocrx_word' id='word_1_239' title='bbox 1877 1892 2019 1944; x_wconf 89' lang='lat' dir='ltr'><strong>inve-</strong></span> 
     </span>
    </p>
   </div>
   <div class='ocr_carea' id='block_1_34' title="bbox 2149 1872 3693 1980">
    <p class='ocr_par' dir='ltr' id='par_1_34' title="bbox 2149 1891 3693 1960">
     <span class='ocr_line' id='line_1_34' title="bbox 2149 1891 3693 1960; baseline -0.005 -10"><span class='ocrx_word' id='word_1_240' title='bbox 2149 1915 2260 1958; x_wconf 85' lang='lat' dir='ltr'><strong>am,</strong></span> <span class='ocrx_word' id='word_1_241' title='bbox 2285 1897 2750 1960; x_wconf 74' lang='lat' dir='ltr'><strong>resurrectionem,</strong></span> <span class='ocrx_word' id='word_1_242' title='bbox 2779 1894 3164 1956; x_wconf 82' lang='lat' dir='ltr'><strong>ascensionem,</strong></span> <span class='ocrx_word' id='word_1_243' title='bbox 3197 1893 3485 1946; x_wconf 83' lang='lat' dir='ltr'><strong>adventum</strong></span> <span class='ocrx_word' id='word_1_244' title='bbox 3519 1891 3693 1959; x_wconf 80' lang='lat' dir='ltr'><strong>Spiri-</strong></span> 
     </span>
    </p>
   </div>
   <div class='ocr_carea' id='block_1_35' title="bbox 473 1981 2020 2068">
    <p class='ocr_par' dir='ltr' id='par_1_35' title="bbox 473 1981 2020 2068">
     <span class='ocr_line' id='line_1_35' title="bbox 473 1981 2020 2068; baseline -0.013 -16"><span class='ocrx_word' id='word_1_245' title='bbox 473 2003 634 2068; x_wconf 83' lang='lat' dir='ltr'><strong>nitur,</strong></span> <span class='ocrx_word' id='word_1_246' title='bbox 659 2001 846 2053; x_wconf 89' lang='lat' dir='ltr'><strong>tnerito</strong></span> <span class='ocrx_word' id='word_1_247' title='bbox 869 1998 919 2050; x_wconf 92' lang='lat' dir='ltr'><strong>in</strong></span> <span class='ocrx_word' id='word_1_248' title='bbox 943 2010 1007 2049; x_wconf 91' lang='lat' dir='ltr'><strong>eo</strong></span> <span class='ocrx_word' id='word_1_249' title='bbox 1035 1994 1353 2047; x_wconf 86' lang='lat' dir='ltr'><strong>cortinarum</strong></span> <span class='ocrx_word' id='word_1_250' title='bbox 1406 1985 1674 2054; x_wconf 85' lang='lat' dir='ltr'><strong>longitudo</strong></span> <span class='ocrx_word' id='word_1_251' title='bbox 1703 1981 2020 2042; x_wconf 84' lang='lat' dir='ltr'><strong>eontinetur,</strong></span> 
     </span>
    </p>
   </div>
   <div class='ocr_carea' id='block_1_36' title="bbox 474 2071 2018 2158">
    <p class='ocr_par' dir='ltr' id='par_1_36' title="bbox 474 2071 2018 2158">
     <span class='ocr_line' id='line_1_36' title="bbox 474 2071 2018 2158; baseline -0.014 -15"><span class='ocrx_word' id='word_1_252' title='bbox 474 2091 721 2158; x_wconf 86' lang='lat' dir='ltr'><strong>quoniam</strong></span> <span class='ocrx_word' id='word_1_253' title='bbox 748 2086 879 2140; x_wconf 84' lang='lat' dir='ltr'><strong>fides</strong></span> <span class='ocrx_word' id='word_1_254' title='bbox 908 2094 960 2139; x_wconf 91' lang='lat' dir='ltr'><strong>et</strong></span> <span class='ocrx_word' id='word_1_255' title='bbox 990 2082 1231 2152; x_wconf 88' lang='lat' dir='ltr'><strong>patientia</strong></span> <span class='ocrx_word' id='word_1_256' title='bbox 1255 2087 1554 2145; x_wconf 77' lang='lat' dir='ltr'><strong>sanctorum</strong></span> <span class='ocrx_word' id='word_1_257' title='bbox 1583 2073 1832 2126; x_wconf 81' lang='lat' dir='ltr'><strong>virtutum</strong></span> <span class='ocrx_word' id='word_1_258' title='bbox 1857 2071 2018 2122; x_wconf 79' lang='lat' dir='ltr'><strong>varie~</strong></span> 
     </span>
    </p>
   </div>
   <div class='ocr_carea' id='block_1_37' title="bbox 483 2163 2022 2241">
    <p class='ocr_par' dir='ltr' id='par_1_37' title="bbox 483 2163 2022 2241">
     <span class='ocr_line' id='line_1_37' title="bbox 483 2163 2022 2241; baseline -0.014 -8"><span class='ocrx_word' id='word_1_259' title='bbox 483 2192 589 2234; x_wconf 87' lang='lat' dir='ltr'><strong>tate</strong></span> <span class='ocrx_word' id='word_1_260' title='bbox 619 2178 886 2241; x_wconf 88' lang='lat' dir='ltr'><strong>distincta,</strong></span> <span class='ocrx_word' id='word_1_261' title='bbox 913 2176 964 2228; x_wconf 93' lang='lat' dir='ltr'><strong>in</strong></span> <span class='ocrx_word' id='word_1_262' title='bbox 1015 2171 1260 2227; x_wconf 90' lang='lat' dir='ltr'><strong>omnibus</strong></span> <span class='ocrx_word' id='word_1_263' title='bbox 1288 2183 1403 2238; x_wconf 69' lang='lat' dir='ltr'><strong>qua:</strong></span> <span class='ocrx_word' id='word_1_264' title='bbox 1433 2167 1538 2236; x_wconf 89' lang='lat' dir='ltr'><strong>agit</strong></span> <span class='ocrx_word' id='word_1_265' title='bbox 1565 2173 1654 2218; x_wconf 91' lang='lat' dir='ltr'><strong>aut</strong></span> <span class='ocrx_word' id='word_1_266' title='bbox 1681 2163 1897 2231; x_wconf 88' lang='lat' dir='ltr'><strong>patitur,</strong></span> <span class='ocrx_word' id='word_1_267' title='bbox 1922 2175 2022 2212; x_wconf 87' lang='lat' dir='ltr'><strong>non</strong></span> 
     </span>
    </p>
   </div>
   <div class='ocr_carea' id='block_1_38' title="bbox 483 2251 2025 2342">
    <p class='ocr_par' dir='ltr' id='par_1_38' title="bbox 483 2251 2025 2342">
     <span class='ocr_line' id='line_1_38' title="bbox 483 2251 2025 2342; baseline -0.014 -20"><span class='ocrx_word' id='word_1_268' title='bbox 483 2268 695 2326; x_wconf 86' lang='lat' dir='ltr'><strong>humani</strong></span> <span class='ocrx_word' id='word_1_269' title='bbox 729 2257 946 2342; x_wconf 84' lang='lat' dir='ltr'><strong>gloriam</strong></span> <span class='ocrx_word' id='word_1_270' title='bbox 981 2263 1190 2327; x_wconf 86' lang='lat' dir='ltr'><strong>favoris,</strong></span> <span class='ocrx_word' id='word_1_271' title='bbox 1223 2259 1597 2326; x_wconf 76' lang='lat' dir='ltr'><strong>sed.supernre</strong></span> <span class='ocrx_word' id='word_1_272' title='bbox 1651 2251 2025 2308; x_wconf 89' lang='lat' dir='ltr'><strong>beatitudinem</strong></span> 
     </span>
    </p>
   </div>
   <div class='ocr_carea' id='block_1_39' title="bbox 483 2341 2046 2431">
    <p class='ocr_par' dir='ltr' id='par_1_39' title="bbox 483 2341 2046 2431">
     <span class='ocr_line' id='line_1_39' title="bbox 483 2341 2046 2431; baseline -0.015 -19"><span class='ocrx_word' id='word_1_273' title='bbox 483 2360 673 2431; x_wconf 83' lang='lat' dir='ltr'><strong>quietis</strong></span> <span class='ocrx_word' id='word_1_274' title='bbox 699 2355 986 2426; x_wconf 73' lang='lat' dir='ltr'><strong>exspectat.</strong></span> <span class='ocrx_word' id='word_1_275' title='bbox 1019 2355 1147 2408; x_wconf 91' lang='lat' dir='ltr'><strong>llinc</strong></span> <span class='ocrx_word' id='word_1_276' title='bbox 1178 2361 1258 2406; x_wconf 89' lang='lat' dir='ltr'><strong>est</strong></span> <span class='ocrx_word' id='word_1_277' title='bbox 1286 2351 1423 2404; x_wconf 87' lang='lat' dir='ltr'><strong>enim</strong></span> <span class='ocrx_word' id='word_1_278' title='bbox 1452 2347 1590 2416; x_wconf 90' lang='lat' dir='ltr'><strong>quod</strong></span> <span class='ocrx_word' id='word_1_279' title='bbox 1623 2345 1791 2414; x_wconf 81' lang='lat' dir='ltr'><strong>hujus</strong></span> <span class='ocrx_word' id='word_1_280' title='bbox 1821 2341 2046 2396; x_wconf 86' lang='lat' dir='ltr'><strong>numeri.</strong></span> 
     </span>
    </p>
   </div>
   <div class='ocr_carea' id='block_1_40' title="bbox 483 2435 2028 2520">
    <p class='ocr_par' dir='ltr' id='par_1_40' title="bbox 483 2435 2028 2520">
     <span class='ocr_line' id='line_1_40' title="bbox 483 2435 2028 2520; baseline -0.014 -13"><span class='ocrx_word' id='word_1_281' title='bbox 483 2453 714 2520; x_wconf 89' lang='lat' dir='ltr'><strong>psalmus</strong></span> <span class='ocrx_word' id='word_1_282' title='bbox 752 2451 801 2502; x_wconf 91' lang='lat' dir='ltr'><strong>in</strong></span> <span class='ocrx_word' id='word_1_283' title='bbox 841 2444 1290 2503; x_wconf 87' lang='lat' dir='ltr'><strong>consummatione</strong></span> <span class='ocrx_word' id='word_1_284' title='bbox 1335 2438 1656 2495; x_wconf 83' lang='lat' dir='ltr'><strong>tabernaculi</strong></span> <span class='ocrx_word' id='word_1_285' title='bbox 1703 2435 2028 2496; x_wconf 85' lang='lat' dir='ltr'><strong>adtitulatur,</strong></span> 
     </span>
    </p>
   </div>
   <div class='ocr_carea' id='block_1_41' title="bbox 481 2524 2032 2610">
    <p class='ocr_par' dir='ltr' id='par_1_41' title="bbox 481 2524 2032 2610">
     <span class='ocr_line' id='line_1_41' title="bbox 481 2524 2032 2610; baseline -0.016 -14"><span class='ocrx_word' id='word_1_286' title='bbox 481 2556 634 2610; x_wconf 85' lang='lat' dir='ltr'><strong>quem</strong></span> <span class='ocrx_word' id='word_1_287' title='bbox 679 2547 841 2592; x_wconf 90' lang='lat' dir='ltr'><strong>totum</strong></span> <span class='ocrx_word' id='word_1_288' title='bbox 881 2538 947 2590; x_wconf 89' lang='lat' dir='ltr'><strong>de</strong></span> <span class='ocrx_word' id='word_1_289' title='bbox 975 2532 1297 2602; x_wconf 86' lang='lat' dir='ltr'><strong>perfectione</strong></span> <span class='ocrx_word' id='word_1_290' title='bbox 1327 2539 1520 2581; x_wconf 77' lang='lat' dir='ltr'><strong>sancite</strong></span> <span class='ocrx_word' id='word_1_291' title='bbox 1554 2524 1799 2579; x_wconf 66' lang='lat' dir='ltr'><strong>Ecclesia:</strong></span> <span class='ocrx_word' id='word_1_292' title='bbox 1826 2528 2032 2574; x_wconf 89' lang='lat' dir='ltr'><strong>constat</strong></span> 
     </span>
    </p>
   </div>
   <div class='ocr_carea' id='block_1_42' title="bbox 482 2609 2030 2691">
    <p class='ocr_par' dir='ltr' id='par_1_42' title="bbox 482 2609 2030 2691">
     <span class='ocr_line' id='line_1_42' title="bbox 482 2609 2030 2691; baseline -0.018 -6"><span class='ocrx_word' id='word_1_293' title='bbox 482 2609 599 2685; x_wconf 76' lang='lat' dir='ltr'><strong>esse</strong></span> <span class='ocrx_word' id='word_1_294' title='bbox 637 2637 924 2691; x_wconf 85' lang='lat' dir='ltr'><strong>cantatum,</strong></span> <span class='ocrx_word' id='word_1_295' title='bbox 968 2623 1192 2677; x_wconf 79' lang='lat' dir='ltr'><strong>maxime</strong></span> <span class='ocrx_word' id='word_1_296' title='bbox 1238 2622 1288 2673; x_wconf 93' lang='lat' dir='ltr'><strong>in</strong></span> <span class='ocrx_word' id='word_1_297' title='bbox 1324 2633 1387 2672; x_wconf 89' lang='lat' dir='ltr'><strong>eo</strong></span> <span class='ocrx_word' id='word_1_298' title='bbox 1416 2615 1555 2686; x_wconf 91' lang='lat' dir='ltr'><strong>quod</strong></span> <span class='ocrx_word' id='word_1_299' title='bbox 1590 2616 1640 2666; x_wconf 94' lang='lat' dir='ltr'><strong>in</strong></span> <span class='ocrx_word' id='word_1_300' title='bbox 1674 2614 1761 2665; x_wconf 89' lang='lat' dir='ltr'><strong>illo</strong></span> <span class='ocrx_word' id='word_1_301' title='bbox 1804 2609 2030 2664; x_wconf 82' lang='lat' dir='ltr'><strong>dicitur:</strong></span> 
     </span>
    </p>
   </div>
   <div class='ocr_carea' id='block_1_43' title="bbox 485 2694 2038 2774">
    <p class='ocr_par' dir='ltr' id='par_1_43' title="bbox 485 2694 2038 2774">
     <span class='ocr_line' id='line_1_43' title="bbox 485 2694 2038 2774; baseline -0.018 0"><span class='ocrx_word' id='word_1_302' title='bbox 485 2721 703 2774; x_wconf 77' lang='lat' dir='ltr'><strong>Adorale</strong></span> <span class='ocrx_word' id='word_1_303' title='bbox 735 2717 1003 2770; x_wconf 84' lang='lat' dir='ltr'><strong>Dominum</strong></span> <span class='ocrx_word' id='word_1_304' title='bbox 1027 2713 1082 2766; x_wconf 81' lang='lat' dir='ltr'><strong>in</strong></span> <span class='ocrx_word' id='word_1_305' title='bbox 1110 2711 1242 2762; x_wconf 89' lang='lat' dir='ltr'><strong>atrio</strong></span> <span class='ocrx_word' id='word_1_306' title='bbox 1275 2714 1444 2760; x_wconf 83' lang='lat' dir='ltr'><strong>sancto</strong></span> <span class='ocrx_word' id='word_1_307' title='bbox 1467 2706 1598 2773; x_wconf 77' lang='lat' dir='ltr'><strong>ejus.</strong></span> <span class='ocrx_word' id='word_1_308' title='bbox 1627 2703 1690 2754; x_wconf 80' lang='lat' dir='ltr'><strong>Et</strong></span> <span class='ocrx_word' id='word_1_309' title='bbox 1717 2701 1934 2753; x_wconf 88' lang='lat' dir='ltr'><strong>iterum:</strong></span> <span class='ocrx_word' id='word_1_310' title='bbox 1971 2694 2038 2747; x_wconf 84' lang='lat' dir='ltr'><strong>Et</strong></span> 
     </span>
    </p>
   </div>
   <div class='ocr_carea' id='block_1_44' title="bbox 485 2784 2037 2874">
    <p class='ocr_par' dir='ltr' id='par_1_44' title="bbox 485 2784 2037 2874">
     <span class='ocr_line' id='line_1_44' title="bbox 485 2784 2037 2874; baseline -0.015 -14"><span class='ocrx_word' id='word_1_311' title='bbox 485 2810 542 2860; x_wconf 82' lang='lat' dir='ltr'><strong>in</strong></span> <span class='ocrx_word' id='word_1_312' title='bbox 570 2808 755 2874; x_wconf 79' lang='lat' dir='ltr'><strong>templo</strong></span> <span class='ocrx_word' id='word_1_313' title='bbox 783 2808 894 2873; x_wconf 79' lang='lat' dir='ltr'><strong>ejus</strong></span> <span class='ocrx_word' id='word_1_314' title='bbox 935 2816 1102 2856; x_wconf 85' lang='lat' dir='ltr'><strong>omnes</strong></span> <span class='ocrx_word' id='word_1_315' title='bbox 1144 2799 1306 2849; x_wconf 85' lang='lat' dir='ltr'><strong>dicent</strong></span> <span class='ocrx_word' id='word_1_316' title='bbox 1336 2797 1552 2866; x_wconf 83' lang='lat' dir='ltr'><strong>gloriam</strong></span> <span class='ocrx_word' id='word_1_317' title='bbox 1586 2791 1803 2862; x_wconf 80' lang='lat' dir='ltr'><strong>(Psafm.</strong></span> <span class='ocrx_word' id='word_1_318' title='bbox 1833 2784 2037 2855; x_wconf 85' lang='lat' dir='ltr'><strong>xxvtu).</strong></span> 
     </span>
    </p>
   </div>
   <div class='ocr_carea' id='block_1_45' title="bbox 488 2878 2039 2967">
    <p class='ocr_par' dir='ltr' id='par_1_45' title="bbox 488 2878 2039 2967">
     <span class='ocr_line' id='line_1_45' title="bbox 488 2878 2039 2967; baseline -0.015 -15"><span class='ocrx_word' id='word_1_319' title='bbox 488 2902 623 2967; x_wconf 83' lang='lat' dir='ltr'><strong>Apte</strong></span> <span class='ocrx_word' id='word_1_320' title='bbox 643 2896 780 2950; x_wconf 88' lang='lat' dir='ltr'><strong>enim</strong></span> <span class='ocrx_word' id='word_1_321' title='bbox 811 2907 974 2947; x_wconf 83' lang='lat' dir='ltr'><strong>xxvut</strong></span> <span class='ocrx_word' id='word_1_322' title='bbox 1007 2890 1239 2959; x_wconf 90' lang='lat' dir='ltr'><strong>psalmus</strong></span> <span class='ocrx_word' id='word_1_323' title='bbox 1267 2887 1334 2940; x_wconf 90' lang='lat' dir='ltr'><strong>de</strong></span> <span class='ocrx_word' id='word_1_324' title='bbox 1377 2884 1830 2939; x_wconf 88' lang='lat' dir='ltr'><strong>consummatione</strong></span> <span class='ocrx_word' id='word_1_325' title='bbox 1862 2878 2039 2932; x_wconf 86' lang='lat' dir='ltr'><strong>taber-</strong></span> 
     </span>
    </p>
   </div>
   <div class='ocr_carea' id='block_1_46' title="bbox 491 2969 2042 3051">
    <p class='ocr_par' dir='ltr' id='par_1_46' title="bbox 491 2969 2042 3051">
     <span class='ocr_line' id='line_1_46' title="bbox 491 2969 2042 3051; baseline -0.014 -8"><span class='ocrx_word' id='word_1_326' title='bbox 491 2989 658 3044; x_wconf 83' lang='lat' dir='ltr'><strong>naculi</strong></span> <span class='ocrx_word' id='word_1_327' title='bbox 684 2985 1015 3047; x_wconf 85' lang='lat' dir='ltr'><strong>inscribitur;</strong></span> <span class='ocrx_word' id='word_1_328' title='bbox 1047 2982 1166 3051; x_wconf 86' lang='lat' dir='ltr'><strong>quia</strong></span> <span class='ocrx_word' id='word_1_329' title='bbox 1202 2978 1440 3033; x_wconf 87' lang='lat' dir='ltr'><strong>nimirum</strong></span> <span class='ocrx_word' id='word_1_330' title='bbox 1472 2971 1522 3028; x_wconf 84' lang='lat' dir='ltr'><strong>iii</strong></span> <span class='ocrx_word' id='word_1_331' title='bbox 1549 2973 1651 3027; x_wconf 84' lang='lat' dir='ltr'><strong>ltoe</strong></span> <span class='ocrx_word' id='word_1_332' title='bbox 1678 2982 1756 3025; x_wconf 89' lang='lat' dir='ltr'><strong>est</strong></span> <span class='ocrx_word' id='word_1_333' title='bbox 1789 2969 2042 3038; x_wconf 80' lang='lat' dir='ltr'><strong>perfectio</strong></span> 
     </span>
    </p>
   </div>
   <div class='ocr_carea' id='block_1_47' title="bbox 499 3061 2046 3148">
    <p class='ocr_par' dir='ltr' id='par_1_47' title="bbox 499 3061 2046 3148">
     <span class='ocr_line' id='line_1_47' title="bbox 499 3061 2046 3148; baseline -0.015 -13"><span class='ocrx_word' id='word_1_334' title='bbox 499 3078 881 3148; x_wconf 72' lang='lat' dir='ltr'><strong>perrgiinautis</strong></span> <span class='ocrx_word' id='word_1_335' title='bbox 907 3077 955 3129; x_wconf 90' lang='lat' dir='ltr'><strong>in</strong></span> <span class='ocrx_word' id='word_1_336' title='bbox 989 3073 1087 3126; x_wconf 92' lang='lat' dir='ltr'><strong>hoc</strong></span> <span class='ocrx_word' id='word_1_337' title='bbox 1107 3071 1300 3126; x_wconf 68' lang='lat' dir='ltr'><strong>sicculo</strong></span> <span class='ocrx_word' id='word_1_338' title='bbox 1329 3068 1596 3129; x_wconf 64' lang='lat' dir='ltr'><strong>Ecclesiae,</strong></span> <span class='ocrx_word' id='word_1_339' title='bbox 1623 3075 1676 3116; x_wconf 90' lang='lat' dir='ltr'><strong>ut</strong></span> <span class='ocrx_word' id='word_1_340' title='bbox 1701 3077 1790 3132; x_wconf 91' lang='lat' dir='ltr'><strong>per</strong></span> <span class='ocrx_word' id='word_1_341' title='bbox 1811 3061 1963 3114; x_wconf 84' lang='lat' dir='ltr'><strong>fidem</strong></span> <span class='ocrx_word' id='word_1_342' title='bbox 1991 3068 2046 3113; x_wconf 89' lang='lat' dir='ltr'><strong>et</strong></span> 
     </span>
    </p>
   </div>
   <div class='ocr_carea' id='block_1_48' title="bbox 495 3150 2046 3238">
    <p class='ocr_par' dir='ltr' id='par_1_48' title="bbox 495 3150 2046 3238">
     <span class='ocr_line' id='line_1_48' title="bbox 495 3150 2046 3238; baseline -0.014 -14"><span class='ocrx_word' id='word_1_343' title='bbox 495 3183 587 3238; x_wconf 88' lang='lat' dir='ltr'><strong>per</strong></span> <span class='ocrx_word' id='word_1_344' title='bbox 614 3182 771 3236; x_wconf 81' lang='lat' dir='ltr'><strong>Opera</strong></span> <span class='ocrx_word' id='word_1_345' title='bbox 797 3165 930 3217; x_wconf 87' lang='lat' dir='ltr'><strong>bona</strong></span> <span class='ocrx_word' id='word_1_346' title='bbox 952 3164 1016 3218; x_wconf 89' lang='lat' dir='ltr'><strong>ad</strong></span> <span class='ocrx_word' id='word_1_347' title='bbox 1038 3163 1271 3232; x_wconf 88' lang='lat' dir='ltr'><strong>requiem</strong></span> <span class='ocrx_word' id='word_1_348' title='bbox 1303 3159 1479 3226; x_wconf 84' lang='lat' dir='ltr'><strong>tendat</strong></span> <span class='ocrx_word' id='word_1_349' title='bbox 1499 3154 1678 3210; x_wconf 63' lang='lat' dir='ltr'><strong>smeuli</strong></span> <span class='ocrx_word' id='word_1_350' title='bbox 1709 3150 1887 3206; x_wconf 88' lang='lat' dir='ltr'><strong>futuri.</strong></span> <span class='ocrx_word' id='word_1_351' title='bbox 1907 3150 2046 3204; x_wconf 88' lang='lat' dir='ltr'><strong>Bene</strong></span> 
     </span>
    </p>
   </div>
   <div class='ocr_carea' id='block_1_49' title="bbox 501 3254 974 3322">
    <p class='ocr_par' dir='ltr' id='par_1_49' title="bbox 501 3254 974 3322">
     <span class='ocr_line' id='line_1_49' title="bbox 501 3254 974 3322; baseline -0.013 -11"><span class='ocrx_word' id='word_1_352' title='bbox 501 3267 675 3311; x_wconf 77' lang='lat' dir='ltr'><strong>autern</strong></span> <span class='ocrx_word' id='word_1_353' title='bbox 698 3254 931 3322; x_wconf 65' lang='lat' dir='ltr'><strong>sequitur</strong></span> <span class='ocrx_word' id='word_1_354' title='bbox 961 3269 974 3305; x_wconf 91' lang='lat'><strong>:</strong></span> 
     </span>
    </p>
   </div>
   <div class='ocr_carea' id='block_1_50' title="bbox 567 3329 2048 3412">
    <p class='ocr_par' dir='ltr' id='par_1_50' title="bbox 567 3329 2048 3412">
     <span class='ocr_line' id='line_1_50' title="bbox 567 3329 2048 3412; baseline -0.015 -8"><span class='ocrx_word' id='word_1_355' title='bbox 567 3350 734 3404; x_wconf 83' lang='lat' dir='ltr'><strong>Unius</strong></span> <span class='ocrx_word' id='word_1_356' title='bbox 764 3360 1014 3400; x_wconf 74' lang='lat' dir='ltr'><strong>mensura:</strong></span> <span class='ocrx_word' id='word_1_357' title='bbox 1041 3345 1160 3412; x_wconf 77' lang='lat' dir='ltr'><strong>ﬁent</strong></span> <span class='ocrx_word' id='word_1_358' title='bbox 1208 3343 1439 3394; x_wconf 77' lang='lat' dir='ltr'><strong>universa</strong></span> <span class='ocrx_word' id='word_1_359' title='bbox 1487 3336 1719 3389; x_wconf 83' lang='lat' dir='ltr'><strong>tentoria.</strong></span> <span class='ocrx_word' id='word_1_360' title='bbox 1771 3330 1880 3385; x_wconf 80' lang='lat' dir='ltr'><strong>Etsi</strong></span> <span class='ocrx_word' id='word_1_361' title='bbox 1909 3329 2048 3384; x_wconf 89' lang='lat' dir='ltr'><strong>enim</strong></span> 
     </span>
    </p>
   </div>
   <div class='ocr_carea' id='block_1_51' title="bbox 507 3421 2049 3508">
    <p class='ocr_par' dir='ltr' id='par_1_51' title="bbox 507 3421 2049 3508">
     <span class='ocr_line' id='line_1_51' title="bbox 507 3421 2049 3508; baseline -0.015 -14"><span class='ocrx_word' id='word_1_362' title='bbox 507 3441 739 3496; x_wconf 82' lang='lat' dir='ltr'><strong>variante</strong></span> <span class='ocrx_word' id='word_1_363' title='bbox 770 3439 968 3508; x_wconf 87' lang='lat' dir='ltr'><strong>pictura</strong></span> <span class='ocrx_word' id='word_1_364' title='bbox 993 3433 1209 3489; x_wconf 70' lang='lat' dir='ltr'><strong>cortina:</strong></span> <span class='ocrx_word' id='word_1_365' title='bbox 1235 3433 1301 3486; x_wconf 85' lang='lat' dir='ltr'><strong>ab</strong></span> <span class='ocrx_word' id='word_1_366' title='bbox 1344 3429 1564 3483; x_wconf 91' lang='lat' dir='ltr'><strong>invicem</strong></span> <span class='ocrx_word' id='word_1_367' title='bbox 1594 3421 1924 3486; x_wconf 83' lang='lat' dir='ltr'><strong>dilferebant,</strong></span> <span class='ocrx_word' id='word_1_368' title='bbox 1947 3433 2049 3472; x_wconf 91' lang='lat' dir='ltr'><strong>una</strong></span> 
     </span>
    </p>
   </div>
   <div class='ocr_carea' id='block_1_52' title="bbox 509 3517 2054 3596">
    <p class='ocr_par' dir='ltr' id='par_1_52' title="bbox 509 3517 2054 3596">
     <span class='ocr_line' id='line_1_52' title="bbox 509 3517 2054 3596; baseline -0.016 -6"><span class='ocrx_word' id='word_1_369' title='bbox 509 3547 683 3590; x_wconf 90' lang='lat' dir='ltr'><strong>tamen</strong></span> <span class='ocrx_word' id='word_1_370' title='bbox 712 3547 893 3588; x_wconf 92' lang='lat' dir='ltr'><strong>omnes</strong></span> <span class='ocrx_word' id='word_1_371' title='bbox 923 3538 1071 3586; x_wconf 90' lang='lat' dir='ltr'><strong>erant</strong></span> <span class='ocrx_word' id='word_1_372' title='bbox 1113 3524 1448 3596; x_wconf 80' lang='lat' dir='ltr'><strong>longitudinis</strong></span> <span class='ocrx_word' id='word_1_373' title='bbox 1496 3532 1548 3576; x_wconf 91' lang='lat' dir='ltr'><strong>et</strong></span> <span class='ocrx_word' id='word_1_374' title='bbox 1579 3517 1870 3575; x_wconf 89' lang='lat' dir='ltr'><strong>latitudinis</strong></span> <span class='ocrx_word' id='word_1_375' title='bbox 1905 3529 2054 3570; x_wconf 88' lang='lat' dir='ltr'><strong>mcn-</strong></span> 
     </span>
    </p>
   </div>
   <div class='ocr_carea' id='block_1_53' title="bbox 505 3604 2053 3692">
    <p class='ocr_par' dir='ltr' id='par_1_53' title="bbox 505 3604 2053 3692">
     <span class='ocr_line' id='line_1_53' title="bbox 505 3604 2053 3692; baseline -0.016 -11"><span class='ocrx_word' id='word_1_376' title='bbox 505 3642 625 3681; x_wconf 87' lang='lat' dir='ltr'><strong>sura</strong></span> <span class='ocrx_word' id='word_1_377' title='bbox 657 3633 982 3692; x_wconf 69' lang='lat' dir='ltr'><strong>temperata).</strong></span> <span class='ocrx_word' id='word_1_378' title='bbox 1014 3618 1160 3686; x_wconf 84' lang='lat' dir='ltr'><strong>Quod</strong></span> <span class='ocrx_word' id='word_1_379' title='bbox 1194 3618 1290 3671; x_wconf 92' lang='lat' dir='ltr'><strong>etsi</strong></span> <span class='ocrx_word' id='word_1_380' title='bbox 1324 3613 1634 3668; x_wconf 88' lang='lat' dir='ltr'><strong>donationes</strong></span> <span class='ocrx_word' id='word_1_381' title='bbox 1680 3609 1874 3662; x_wconf 84' lang='lat' dir='ltr'><strong>habent</strong></span> <span class='ocrx_word' id='word_1_382' title='bbox 1900 3604 2053 3660; x_wconf 88' lang='lat' dir='ltr'><strong>electi</strong></span> 
     </span>
    </p>
   </div>
   <div class='ocr_carea' id='block_1_54' title="bbox 502 3696 2053 3780">
    <p class='ocr_par' dir='ltr' id='par_1_54' title="bbox 502 3696 2053 3780">
     <span class='ocr_line' id='line_1_54' title="bbox 502 3696 2053 3780; baseline -0.015 -9"><span class='ocrx_word' id='word_1_383' title='bbox 502 3716 788 3772; x_wconf 85' lang='lat' dir='ltr'><strong>secundum</strong></span> <span class='ocrx_word' id='word_1_384' title='bbox 819 3712 1061 3780; x_wconf 76' lang='lat' dir='ltr'><strong>gratiam,</strong></span> <span class='ocrx_word' id='word_1_385' title='bbox 1110 3722 1225 3776; x_wconf 64' lang='lat' dir='ltr'><strong>qua:</strong></span> <span class='ocrx_word' id='word_1_386' title='bbox 1272 3705 1392 3758; x_wconf 86' lang='lat' dir='ltr'><strong>data</strong></span> <span class='ocrx_word' id='word_1_387' title='bbox 1436 3710 1516 3755; x_wconf 89' lang='lat' dir='ltr'><strong>est</strong></span> <span class='ocrx_word' id='word_1_388' title='bbox 1555 3700 1677 3762; x_wconf 90' lang='lat' dir='ltr'><strong>illis,</strong></span> <span class='ocrx_word' id='word_1_389' title='bbox 1727 3696 2053 3758; x_wconf 72' lang='lat' dir='ltr'><strong>differentes,</strong></span> 
     </span>
    </p>
   </div>
   <div class='ocr_carea' id='block_1_55' title="bbox 505 3789 2052 3862">
    <p class='ocr_par' dir='ltr' id='par_1_55' title="bbox 505 3789 2052 3862">
     <span class='ocr_line' id='line_1_55' title="bbox 505 3789 2052 3862; baseline -0.012 -4"><span class='ocrx_word' id='word_1_390' title='bbox 505 3821 639 3862; x_wconf 88' lang='lat' dir='ltr'><strong>unus</strong></span> <span class='ocrx_word' id='word_1_391' title='bbox 678 3814 850 3858; x_wconf 87' lang='lat' dir='ltr'><strong>tamen</strong></span> <span class='ocrx_word' id='word_1_392' title='bbox 905 3800 1178 3859; x_wconf 87' lang='lat' dir='ltr'><strong>Dominus,</strong></span> <span class='ocrx_word' id='word_1_393' title='bbox 1237 3809 1335 3848; x_wconf 90' lang='lat' dir='ltr'><strong>una</strong></span> <span class='ocrx_word' id='word_1_394' title='bbox 1388 3792 1534 3856; x_wconf 88' lang='lat' dir='ltr'><strong>fides,</strong></span> <span class='ocrx_word' id='word_1_395' title='bbox 1594 3806 1747 3844; x_wconf 90' lang='lat' dir='ltr'><strong>unum</strong></span> <span class='ocrx_word' id='word_1_396' title='bbox 1777 3789 2052 3856; x_wconf 84' lang='lat' dir='ltr'><strong>baptisma,</strong></span> 
     </span>
    </p>
   </div>
   <div class='ocr_carea' id='block_1_56' title="bbox 512 3885 1342 3957">
    <p class='ocr_par' dir='ltr' id='par_1_56' title="bbox 512 3885 1342 3957">
     <span class='ocr_line' id='line_1_56' title="bbox 512 3885 1342 3957; baseline -0.019 -7"><span class='ocrx_word' id='word_1_397' title='bbox 512 3912 647 3950; x_wconf 84' lang='lat' dir='ltr'><strong>unus</strong></span> <span class='ocrx_word' id='word_1_398' title='bbox 678 3894 813 3948; x_wconf 89' lang='lat' dir='ltr'><strong>Deus</strong></span> <span class='ocrx_word' id='word_1_399' title='bbox 839 3900 888 3944; x_wconf 90' lang='lat' dir='ltr'><strong>et</strong></span> <span class='ocrx_word' id='word_1_400' title='bbox 920 3899 1067 3957; x_wconf 82' lang='lat' dir='ltr'><strong>pater</strong></span> <span class='ocrx_word' id='word_1_401' title='bbox 1089 3885 1342 3939; x_wconf 88' lang='lat' dir='ltr'><strong>omnium.</strong></span> 
     </span>
    </p>
   </div>
   <div class='ocr_carea' id='block_1_57' title="bbox 588 3964 2070 4050">
    <p class='ocr_par' dir='ltr' id='par_1_57' title="bbox 588 3964 2070 4050">
     <span class='ocr_line' id='line_1_57' title="bbox 588 3964 2070 4050; baseline -0.011 -14"><span class='ocrx_word' id='word_1_402' title='bbox 588 3985 817 4050; x_wconf 81' lang='lat' dir='ltr'><strong>Quinque</strong></span> <span class='ocrx_word' id='word_1_403' title='bbox 839 3983 1045 4032; x_wconf 77' lang='lat' dir='ltr'><strong>cortina:</strong></span> <span class='ocrx_word' id='word_1_404' title='bbox 1091 3975 1184 4028; x_wconf 78' lang='lat' dir='ltr'><strong>sibi</strong></span> <span class='ocrx_word' id='word_1_405' title='bbox 1205 3977 1484 4044; x_wconf 84' lang='lat' dir='ltr'><strong>jungentur</strong></span> <span class='ocrx_word' id='word_1_406' title='bbox 1526 3981 1724 4034; x_wconf 86' lang='lat' dir='ltr'><strong>mutuo,</strong></span> <span class='ocrx_word' id='word_1_407' title='bbox 1752 3976 1852 4022; x_wconf 89' lang='lat' dir='ltr'><strong>etc.</strong></span> <span class='ocrx_word' id='word_1_408' title='bbox 1878 3964 2070 4021; x_wconf 84' lang='lat' dir='ltr'><strong>Narrat</strong></span> 
     </span>
    </p>
   </div>
   <div class='ocr_carea' id='block_1_58' title="bbox 500 4061 2060 4144">
    <p class='ocr_par' dir='ltr' id='par_1_58' title="bbox 500 4061 2060 4144">
     <span class='ocr_line' id='line_1_58' title="bbox 500 4061 2060 4144; baseline -0.013 -12"><span class='ocrx_word' id='word_1_409' title='bbox 500 4078 776 4144; x_wconf 79' lang='lat' dir='ltr'><strong>Josephus</strong></span> <span class='ocrx_word' id='word_1_410' title='bbox 817 4073 1010 4141; x_wconf 78' lang='lat' dir='ltr'><strong>(Antiq.</strong></span> <span class='ocrx_word' id='word_1_411' title='bbox 1053 4084 1130 4133; x_wconf 88' lang='lat' dir='ltr'><strong>ttt,</strong></span> <span class='ocrx_word' id='word_1_412' title='bbox 1174 4065 1227 4137; x_wconf 86' lang='lat'><strong>6)</strong></span> <span class='ocrx_word' id='word_1_413' title='bbox 1258 4065 1392 4134; x_wconf 91' lang='lat' dir='ltr'><strong>quod</strong></span> <span class='ocrx_word' id='word_1_414' title='bbox 1421 4065 1609 4118; x_wconf 78' lang='lat' dir='ltr'><strong>tabula:</strong></span> <span class='ocrx_word' id='word_1_415' title='bbox 1641 4062 1961 4116; x_wconf 83' lang='lat' dir='ltr'><strong>Tcstamenti</strong></span> <span class='ocrx_word' id='word_1_416' title='bbox 1991 4061 2060 4113; x_wconf 92' lang='lat' dir='ltr'><strong>ita</strong></span> 
     </span>
    </p>
   </div>
   <div class='ocr_carea' id='block_1_59' title="bbox 517 4152 2058 4231">
    <p class='ocr_par' dir='ltr' id='par_1_59' title="bbox 517 4152 2058 4231">
     <span class='ocr_line' id='line_1_59' title="bbox 517 4152 2058 4231; baseline -0.011 -11"><span class='ocrx_word' id='word_1_417' title='bbox 517 4167 710 4222; x_wconf 81' lang='lat' dir='ltr'><strong>fuerint</strong></span> <span class='ocrx_word' id='word_1_418' title='bbox 743 4163 992 4231; x_wconf 83' lang='lat' dir='ltr'><strong>decalogo</strong></span> <span class='ocrx_word' id='word_1_419' title='bbox 1021 4160 1150 4226; x_wconf 77' lang='lat' dir='ltr'><strong>legis</strong></span> <span class='ocrx_word' id='word_1_420' title='bbox 1180 4157 1508 4224; x_wconf 64' lang='lat' dir='ltr'><strong>conscriptw,</strong></span> <span class='ocrx_word' id='word_1_421' title='bbox 1544 4165 1598 4209; x_wconf 92' lang='lat' dir='ltr'><strong>ut</strong></span> <span class='ocrx_word' id='word_1_422' title='bbox 1644 4166 1861 4223; x_wconf 89' lang='lat' dir='ltr'><strong>utraque</strong></span> <span class='ocrx_word' id='word_1_423' title='bbox 1891 4152 2058 4206; x_wconf 88' lang='lat' dir='ltr'><strong>tabula</strong></span> 
     </span>
    </p>
   </div>
   <div class='ocr_carea' id='block_1_60' title="bbox 518 4243 2062 4323">
    <p class='ocr_par' dir='ltr' id='par_1_60' title="bbox 518 4243 2062 4323">
     <span class='ocr_line' id='line_1_60' title="bbox 518 4243 2062 4323; baseline -0.008 -17"><span class='ocrx_word' id='word_1_424' title='bbox 518 4258 670 4308; x_wconf 73' lang='lat' dir='ltr'><strong>etiam</strong></span> <span class='ocrx_word' id='word_1_425' title='bbox 702 4254 857 4323; x_wconf 89' lang='lat' dir='ltr'><strong>quina</strong></span> <span class='ocrx_word' id='word_1_426' title='bbox 902 4251 1058 4305; x_wconf 82' lang='lat' dir='ltr'><strong>verba</strong></span> <span class='ocrx_word' id='word_1_427' title='bbox 1089 4249 1400 4304; x_wconf 79' lang='lat' dir='ltr'><strong>contineret.</strong></span> <span class='ocrx_word' id='word_1_428' title='bbox 1437 4245 1584 4300; x_wconf 85' lang='lat' dir='ltr'><strong>Unde</strong></span> <span class='ocrx_word' id='word_1_429' title='bbox 1613 4253 1732 4312; x_wconf 87' lang='lat' dir='ltr'><strong>apte</strong></span> <span class='ocrx_word' id='word_1_430' title='bbox 1759 4243 1916 4296; x_wconf 84' lang='lat' dir='ltr'><strong>etiam</strong></span> <span class='ocrx_word' id='word_1_431' title='bbox 1945 4255 2062 4294; x_wconf 91' lang='lat' dir='ltr'><strong>cor-</strong></span> 
     </span>
    </p>
   </div>
   <div class='ocr_carea' id='block_1_61' title="bbox 514 4332 2063 4414">
    <p class='ocr_par' dir='ltr' id='par_1_61' title="bbox 514 4332 2063 4414">
     <span class='ocr_line' id='line_1_61' title="bbox 514 4332 2063 4414; baseline -0.014 -12"><span class='ocrx_word' id='word_1_432' title='bbox 514 4351 647 4402; x_wconf 84' lang='lat' dir='ltr'><strong>-tin:e</strong></span> <span class='ocrx_word' id='word_1_433' title='bbox 670 4350 872 4410; x_wconf 91' lang='lat' dir='ltr'><strong>decem,</strong></span> <span class='ocrx_word' id='word_1_434' title='bbox 901 4362 1013 4414; x_wconf 70' lang='lat' dir='ltr'><strong>qua:</strong></span> <span class='ocrx_word' id='word_1_435' title='bbox 1044 4342 1476 4412; x_wconf 83' lang='lat' dir='ltr'><strong>pulchritudinem</strong></span> <span class='ocrx_word' id='word_1_436' title='bbox 1523 4334 1841 4391; x_wconf 81' lang='lat' dir='ltr'><strong>tabernaculi</strong></span> <span class='ocrx_word' id='word_1_437' title='bbox 1867 4332 2063 4400; x_wconf 64' lang='lat' dir='ltr'><strong>junctae</strong></span> 
     </span>
    </p>
   </div>
   <div class='ocr_carea' id='block_1_62' title="bbox 523 4423 2065 4506">
    <p class='ocr_par' dir='ltr' id='par_1_62' title="bbox 523 4423 2065 4506">
     <span class='ocr_line' id='line_1_62' title="bbox 523 4423 2065 4506; baseline -0.014 -14"><span class='ocrx_word' id='word_1_438' title='bbox 523 4438 879 4506; x_wconf 86' lang='lat' dir='ltr'><strong>complebant,</strong></span> <span class='ocrx_word' id='word_1_439' title='bbox 911 4436 981 4488; x_wconf 87' lang='lat' dir='ltr'><strong>ita</strong></span> <span class='ocrx_word' id='word_1_440' title='bbox 1006 4445 1239 4499; x_wconf 87' lang='lat' dir='ltr'><strong>tempore</strong></span> <span class='ocrx_word' id='word_1_441' title='bbox 1267 4443 1499 4496; x_wconf 84' lang='lat' dir='ltr'><strong>congruo</strong></span> <span class='ocrx_word' id='word_1_442' title='bbox 1528 4423 1980 4494; x_wconf 83' lang='lat' dir='ltr'><strong>disjuugcbantur,</strong></span> <span class='ocrx_word' id='word_1_443' title='bbox 2010 4427 2065 4471; x_wconf 91' lang='lat' dir='ltr'><strong>ut</strong></span> 
     </span>
    </p>
   </div>
   <div class='ocr_carea' id='block_1_63' title="bbox 527 4519 2064 4594">
    <p class='ocr_par' dir='ltr' id='par_1_63' title="bbox 527 4519 2064 4594">
     <span class='ocr_line' id='line_1_63' title="bbox 527 4519 2064 4594; baseline -0.012 -15"><span class='ocrx_word' id='word_1_444' title='bbox 527 4529 699 4594; x_wconf 76' lang='lat' dir='ltr'><strong>quinte</strong></span> <span class='ocrx_word' id='word_1_445' title='bbox 728 4527 788 4586; x_wconf 23' lang='lat' dir='ltr'><strong>in,</strong></span> <span class='ocrx_word' id='word_1_446' title='bbox 807 4533 1026 4590; x_wconf 29' lang='lat' dir='ltr'><strong>utra‘lue</strong></span> <span class='ocrx_word' id='word_1_447' title='bbox 1051 4530 1192 4588; x_wconf 79' lang='lat' dir='ltr'><strong>parte</strong></span> <span class='ocrx_word' id='word_1_448' title='bbox 1210 4519 1361 4572; x_wconf 90' lang='lat' dir='ltr'><strong>simul</strong></span> <span class='ocrx_word' id='word_1_449' title='bbox 1382 4524 1782 4587; x_wconf 85' lang='lat' dir='ltr'><strong>permanerent,</strong></span> <span class='ocrx_word' id='word_1_450' title='bbox 1809 4521 2064 4579; x_wconf 87' lang='lat' dir='ltr'><strong>quatenus</strong></span> 
     </span>
    </p>
   </div>
   <div class='ocr_carea' id='block_1_64' title="bbox 523 4602 2067 4674">
    <p class='ocr_par' dir='ltr' id='par_1_64' title="bbox 523 4602 2067 4674">
     <span class='ocr_line' id='line_1_64' title="bbox 523 4602 2067 4674; baseline -0.012 -2"><span class='ocrx_word' id='word_1_451' title='bbox 523 4620 637 4674; x_wconf 72' lang='lat' dir='ltr'><strong>haec</strong></span> <span class='ocrx_word' id='word_1_452' title='bbox 688 4618 949 4670; x_wconf 87' lang='lat' dir='ltr'><strong>intuentes</strong></span> <span class='ocrx_word' id='word_1_453' title='bbox 994 4609 1217 4666; x_wconf 80' lang='lat' dir='ltr'><strong>ministri</strong></span> <span class='ocrx_word' id='word_1_454' title='bbox 1265 4618 1559 4661; x_wconf 85' lang='lat' dir='ltr'><strong>sanctorum</strong></span> <span class='ocrx_word' id='word_1_455' title='bbox 1607 4621 1724 4659; x_wconf 91' lang='lat' dir='ltr'><strong>cmn</strong></span> <span class='ocrx_word' id='word_1_456' title='bbox 1759 4602 1948 4671; x_wconf 81' lang='lat' dir='ltr'><strong>populo</strong></span> <span class='ocrx_word' id='word_1_457' title='bbox 1979 4602 2067 4654; x_wconf 88' lang='lat' dir='ltr'><strong>Dei</strong></span> 
     </span>
    </p>
   </div>
   <div class='ocr_carea' id='block_1_65' title="bbox 525 4692 2068 4768">
    <p class='ocr_par' dir='ltr' id='par_1_65' title="bbox 525 4692 2068 4768">
     <span class='ocr_line' id='line_1_65' title="bbox 525 4692 2068 4768; baseline -0.013 -6"><span class='ocrx_word' id='word_1_458' title='bbox 525 4711 948 4767; x_wconf 88' lang='lat' dir='ltr'><strong>admonerentur,</strong></span> <span class='ocrx_word' id='word_1_459' title='bbox 980 4715 1187 4768; x_wconf 85' lang='lat' dir='ltr'><strong>semper</strong></span> <span class='ocrx_word' id='word_1_460' title='bbox 1213 4697 1554 4753; x_wconf 78' lang='lat' dir='ltr'><strong>observanda:</strong></span> <span class='ocrx_word' id='word_1_461' title='bbox 1582 4693 1731 4763; x_wconf 88' lang='lat' dir='ltr'><strong>legis,</strong></span> <span class='ocrx_word' id='word_1_462' title='bbox 1757 4709 1869 4762; x_wconf 65' lang='lat' dir='ltr'><strong>qum</strong></span> <span class='ocrx_word' id='word_1_463' title='bbox 1888 4692 1919 4744; x_wconf 90' lang='lat' dir='ltr'><strong>d</strong></span> <span class='ocrx_word' id='word_1_464' title='bbox 1955 4705 2068 4744; x_wconf 90' lang='lat' dir='ltr'><strong>cem</strong></span> 
     </span>
    </p>
   </div>
   <div class='ocr_carea' id='block_1_66' title="bbox 524 4782 2067 4867">
    <p class='ocr_par' dir='ltr' id='par_1_66' title="bbox 524 4782 2067 4867">
     <span class='ocr_line' id='line_1_66' title="bbox 524 4782 2067 4867; baseline -0.012 -17"><span class='ocrx_word' id='word_1_465' title='bbox 524 4799 730 4867; x_wconf 86' lang='lat' dir='ltr'><strong>quidem</strong></span> <span class='ocrx_word' id='word_1_466' title='bbox 761 4795 937 4851; x_wconf 88' lang='lat' dir='ltr'><strong>verbis</strong></span> <span class='ocrx_word' id='word_1_467' title='bbox 969 4796 1019 4846; x_wconf 93' lang='lat' dir='ltr'><strong>iu</strong></span> <span class='ocrx_word' id='word_1_468' title='bbox 1049 4792 1246 4844; x_wconf 89' lang='lat' dir='ltr'><strong>duabus</strong></span> <span class='ocrx_word' id='word_1_469' title='bbox 1275 4788 1464 4841; x_wconf 85' lang='lat' dir='ltr'><strong>tabulis</strong></span> <span class='ocrx_word' id='word_1_470' title='bbox 1492 4793 1638 4840; x_wconf 87' lang='lat' dir='ltr'><strong>esset</strong></span> <span class='ocrx_word' id='word_1_471' title='bbox 1665 4782 2067 4848; x_wconf 78' lang='lat' dir='ltr'><strong>comprehensa,</strong></span> 
     </span>
    </p>
   </div>
   <div class='ocr_carea' id='block_1_67' title="bbox 529 4872 2068 4953">
    <p class='ocr_par' dir='ltr' id='par_1_67' title="bbox 529 4872 2068 4953">
     <span class='ocr_line' id='line_1_67' title="bbox 529 4872 2068 4953; baseline -0.012 -13"><span class='ocrx_word' id='word_1_472' title='bbox 529 4888 620 4940; x_wconf 87' lang='lat' dir='ltr'><strong>sed</strong></span> <span class='ocrx_word' id='word_1_473' title='bbox 645 4901 863 4940; x_wconf 88' lang='lat' dir='ltr'><strong>numero</strong></span> <span class='ocrx_word' id='word_1_474' title='bbox 880 4884 1117 4953; x_wconf 89' lang='lat' dir='ltr'><strong>quinario</strong></span> <span class='ocrx_word' id='word_1_475' title='bbox 1142 4896 1233 4948; x_wconf 93' lang='lat' dir='ltr'><strong>per</strong></span> <span class='ocrx_word' id='word_1_476' title='bbox 1253 4892 1526 4944; x_wconf 90' lang='lat' dir='ltr'><strong>utramque</strong></span> <span class='ocrx_word' id='word_1_477' title='bbox 1546 4875 1771 4927; x_wconf 79' lang='lat' dir='ltr'><strong>tabulam</strong></span> <span class='ocrx_word' id='word_1_478' title='bbox 1792 4872 2068 4924; x_wconf 88' lang='lat' dir='ltr'><strong>distinctis.</strong></span> 
     </span>
    </p>
   </div>
   <div class='ocr_carea' id='block_1_68' title="bbox 505 4960 2073 5051">
    <p class='ocr_par' dir='ltr' id='par_1_68' title="bbox 505 4960 2073 5051">
     <span class='ocr_line' id='line_1_68' title="bbox 505 4960 2073 5051; baseline -0.011 -21"><span class='ocrx_word' id='word_1_479' title='bbox 505 4977 854 5051; x_wconf 39' lang='lat' dir='ltr'><strong>‘Verum-nos</strong></span> <span class='ocrx_word' id='word_1_480' title='bbox 897 4979 1112 5039; x_wconf 22' lang='lat' dir='ltr'><strong>,pr0ptcr</strong></span> <span class='ocrx_word' id='word_1_481' title='bbox 1165 4965 1298 5020; x_wconf 81' lang='lat' dir='ltr'><strong>hanc</strong></span> <span class='ocrx_word' id='word_1_482' title='bbox 1344 4965 1655 5016; x_wconf 86' lang='lat' dir='ltr'><strong>sententiam</strong></span> <span class='ocrx_word' id='word_1_483' title='bbox 1705 4975 1978 5027; x_wconf 80' lang='lat' dir='ltr'><strong>possumus</strong></span> <span class='ocrx_word' id='word_1_484' title='bbox 2009 4960 2073 5012; x_wconf 91' lang='lat' dir='ltr'><strong>de</strong></span> 
     </span>
    </p>
   </div>
   <div class='ocr_carea' id='block_1_69' title="bbox 534 5053 2070 5124">
    <p class='ocr_par' dir='ltr' id='par_1_69' title="bbox 534 5053 2070 5124">
     <span class='ocr_line' id='line_1_69' title="bbox 534 5053 2070 5124; baseline -0.01 -3"><span class='ocrx_word' id='word_1_485' title='bbox 534 5081 757 5122; x_wconf 86' lang='lat' dir='ltr'><strong>numero</strong></span> <span class='ocrx_word' id='word_1_486' title='bbox 782 5065 1103 5124; x_wconf 60' lang='lat' dir='ltr'><strong>cortinapum</strong></span> <span class='ocrx_word' id='word_1_487' title='bbox 1137 5060 1215 5111; x_wconf 91' lang='lat' dir='ltr'><strong>bis</strong></span> <span class='ocrx_word' id='word_1_488' title='bbox 1245 5055 1483 5124; x_wconf 88' lang='lat' dir='ltr'><strong>quinario</strong></span> <span class='ocrx_word' id='word_1_489' title='bbox 1509 5056 1666 5107; x_wconf 88' lang='lat' dir='ltr'><strong>etiam</strong></span> <span class='ocrx_word' id='word_1_490' title='bbox 1696 5054 1762 5106; x_wconf 89' lang='lat' dir='ltr'><strong>ita</strong></span> <span class='ocrx_word' id='word_1_491' title='bbox 1791 5053 2070 5116; x_wconf 89' lang='lat' dir='ltr'><strong>disserere,</strong></span> 
     </span>
    </p>
   </div>
   <div class='ocr_carea' id='block_1_70' title="bbox 534 5145 2076 5223">
    <p class='ocr_par' dir='ltr' id='par_1_70' title="bbox 534 5145 2076 5223">
     <span class='ocr_line' id='line_1_70' title="bbox 534 5145 2076 5223; baseline -0.006 -17"><span class='ocrx_word' id='word_1_492' title='bbox 534 5156 670 5223; x_wconf 80' lang='lat' dir='ltr'><strong>quod</strong></span> <span class='ocrx_word' id='word_1_493' title='bbox 716 5154 808 5206; x_wconf 84' lang='lat' dir='ltr'><strong>Dei</strong></span> <span class='ocrx_word' id='word_1_494' title='bbox 857 5163 1108 5217; x_wconf 77' lang='lat' dir='ltr'><strong>sequaces</strong></span> <span class='ocrx_word' id='word_1_495' title='bbox 1173 5148 1222 5198; x_wconf 85' lang='lat' dir='ltr'><strong>in</strong></span> <span class='ocrx_word' id='word_1_496' title='bbox 1273 5159 1491 5213; x_wconf 85' lang='lat' dir='ltr'><strong>utroque</strong></span> <span class='ocrx_word' id='word_1_497' title='bbox 1547 5155 1854 5198; x_wconf 68' lang='lat' dir='ltr'><strong>tesmmenlo</strong></span> <span class='ocrx_word' id='word_1_498' title='bbox 1902 5145 2076 5198; x_wconf 59' lang='lat' dir='ltr'><strong>dicina</strong></span> 
     </span>
    </p>
   </div>
   <div class='ocr_carea' id='block_1_71' title="bbox 537 5235 2076 5310">
    <p class='ocr_par' dir='ltr' id='par_1_71' title="bbox 537 5235 2076 5310">
     <span class='ocr_line' id='line_1_71' title="bbox 537 5235 2076 5310; baseline -0.004 -14"><span class='ocrx_word' id='word_1_499' title='bbox 537 5243 878 5310; x_wconf 80' lang='lat' dir='ltr'><strong>signaverint.</strong></span> <span class='ocrx_word' id='word_1_500' title='bbox 912 5241 975 5291; x_wconf 78' lang='lat' dir='ltr'><strong>Et</strong></span> <span class='ocrx_word' id='word_1_501' title='bbox 1006 5238 1207 5306; x_wconf 84' lang='lat' dir='ltr'><strong>priores</strong></span> <span class='ocrx_word' id='word_1_502' title='bbox 1234 5236 1439 5305; x_wconf 87' lang='lat' dir='ltr'><strong>quidem</strong></span> <span class='ocrx_word' id='word_1_503' title='bbox 1490 5235 1736 5303; x_wconf 90' lang='lat' dir='ltr'><strong>quinque,</strong></span> <span class='ocrx_word' id='word_1_504' title='bbox 1777 5253 1892 5304; x_wconf 70' lang='lat' dir='ltr'><strong>qua:</strong></span> <span class='ocrx_word' id='word_1_505' title='bbox 1934 5236 2076 5290; x_wconf 83' lang='lat' dir='ltr'><strong>frun-</strong></span> 
     </span>
    </p>
   </div>
   <div class='ocr_carea' id='block_1_72' title="bbox 537 5332 2076 5402">
    <p class='ocr_par' dir='ltr' id='par_1_72' title="bbox 537 5332 2076 5402">
     <span class='ocr_line' id='line_1_72' title="bbox 537 5332 2076 5402; baseline -0.003 -14"><span class='ocrx_word' id='word_1_506' title='bbox 537 5347 643 5389; x_wconf 88' lang='lat' dir='ltr'><strong>tem</strong></span> <span class='ocrx_word' id='word_1_507' title='bbox 665 5351 725 5387; x_wconf 92' lang='lat' dir='ltr'><strong>ac</strong></span> <span class='ocrx_word' id='word_1_508' title='bbox 754 5338 967 5402; x_wconf 79' lang='lat' dir='ltr'><strong>pritttatn</strong></span> <span class='ocrx_word' id='word_1_509' title='bbox 1001 5332 1317 5387; x_wconf 88' lang='lat' dir='ltr'><strong>tabernaculi</strong></span> <span class='ocrx_word' id='word_1_510' title='bbox 1353 5340 1555 5398; x_wconf 73' lang='lat' dir='ltr'><strong>partem</strong></span> <span class='ocrx_word' id='word_1_511' title='bbox 1601 5332 1936 5399; x_wconf 82' lang='lat' dir='ltr'><strong>protegebant</strong></span> <span class='ocrx_word' id='word_1_512' title='bbox 1965 5333 2076 5384; x_wconf 84' lang='lat' dir='ltr'><strong>sive</strong></span> 
     </span>
    </p>
   </div>
   <div class='ocr_carea' id='block_1_73' title="bbox 542 5421 2079 5502">
    <p class='ocr_par' dir='ltr' id='par_1_73' title="bbox 542 5421 2079 5502">
     <span class='ocr_line' id='line_1_73' title="bbox 542 5421 2079 5502; baseline -0.001 -26"><span class='ocrx_word' id='word_1_513' title='bbox 542 5425 817 5488; x_wconf 76' lang='lat' dir='ltr'><strong>faciebant,</strong></span> <span class='ocrx_word' id='word_1_514' title='bbox 846 5423 1042 5491; x_wconf 86' lang='lat' dir='ltr'><strong>antiqui</strong></span> <span class='ocrx_word' id='word_1_515' title='bbox 1074 5424 1160 5502; x_wconf 82' lang='lat' dir='ltr'><strong>Dei</strong></span> <span class='ocrx_word' id='word_1_516' title='bbox 1210 5424 1381 5490; x_wconf 82' lang='lat' dir='ltr'><strong>pepuli</strong></span> <span class='ocrx_word' id='word_1_517' title='bbox 1431 5432 1606 5492; x_wconf 76' lang='lat' dir='ltr'><strong>typum</strong></span> <span class='ocrx_word' id='word_1_518' title='bbox 1659 5433 1950 5491; x_wconf 84' lang='lat' dir='ltr'><strong>gesserunt.</strong></span> <span class='ocrx_word' id='word_1_519' title='bbox 1990 5421 2079 5492; x_wconf 88' lang='lat' dir='ltr'><strong>qui</strong></span> 
     </span>
    </p>
   </div>
   <div class='ocr_carea' id='block_1_74' title="bbox 545 5511 2083 5589">
    <p class='ocr_par' dir='ltr' id='par_1_74' title="bbox 545 5511 2083 5589">
     <span class='ocr_line' id='line_1_74' title="bbox 545 5511 2083 5589; baseline -0.001 -24"><span class='ocrx_word' id='word_1_520' title='bbox 545 5517 752 5568; x_wconf 86' lang='lat' dir='ltr'><strong>decreta</strong></span> <span class='ocrx_word' id='word_1_521' title='bbox 779 5512 911 5581; x_wconf 82' lang='lat' dir='ltr'><strong>legis</strong></span> <span class='ocrx_word' id='word_1_522' title='bbox 933 5513 984 5566; x_wconf 89' lang='lat' dir='ltr'><strong>in</strong></span> <span class='ocrx_word' id='word_1_523' title='bbox 1005 5521 1331 5589; x_wconf 86' lang='lat' dir='ltr'><strong>sacramento</strong></span> <span class='ocrx_word' id='word_1_524' title='bbox 1351 5512 1788 5576; x_wconf 87' lang='lat' dir='ltr'><strong>cireutncisionis,</strong></span> <span class='ocrx_word' id='word_1_525' title='bbox 1811 5522 1865 5567; x_wconf 92' lang='lat' dir='ltr'><strong>et</strong></span> <span class='ocrx_word' id='word_1_526' title='bbox 1885 5511 2083 5566; x_wconf 56' lang='lat' dir='ltr'><strong>hostia-</strong></span> 
     </span>
    </p>
   </div>
   <div class='ocr_carea' id='block_1_75' title="bbox 521 5600 2081 5669">
    <p class='ocr_par' dir='ltr' id='par_1_75' title="bbox 521 5600 2081 5669">
     <span class='ocr_line' id='line_1_75' title="bbox 521 5600 2081 5669; baseline -0.003 -13"><span class='ocrx_word' id='word_1_527' title='bbox 521 5617 686 5669; x_wconf 49' lang='lat' dir='ltr'><strong>.rum,</strong></span> <span class='ocrx_word' id='word_1_528' title='bbox 707 5613 767 5657; x_wconf 79' lang='lat' dir='ltr'><strong>et</strong></span> <span class='ocrx_word' id='word_1_529' title='bbox 799 5603 990 5656; x_wconf 87' lang='lat' dir='ltr'><strong>variam</strong></span> <span class='ocrx_word' id='word_1_530' title='bbox 1016 5601 1443 5656; x_wconf 77' lang='lat' dir='ltr'><strong>cterenioniarum</strong></span> <span class='ocrx_word' id='word_1_531' title='bbox 1479 5600 1863 5654; x_wconf 85' lang='lat' dir='ltr'><strong>observantiam</strong></span> <span class='ocrx_word' id='word_1_532' title='bbox 1891 5615 2081 5655; x_wconf 84' lang='lat' dir='ltr'><strong>secun-</strong></span> 
     </span>
    </p>
   </div>
   <div class='ocr_carea' id='block_1_76' title="bbox 525 5688 2080 5766">
    <p class='ocr_par' dir='ltr' id='par_1_76' title="bbox 525 5688 2080 5766">
     <span class='ocr_line' id='line_1_76' title="bbox 525 5688 2080 5766; baseline -0.001 -25"><span class='ocrx_word' id='word_1_533' title='bbox 525 5689 668 5766; x_wconf 80' lang='lat' dir='ltr'><strong>dum</strong></span> <span class='ocrx_word' id='word_1_534' title='bbox 699 5689 921 5742; x_wconf 88' lang='lat' dir='ltr'><strong>litteram</strong></span> <span class='ocrx_word' id='word_1_535' title='bbox 946 5690 1212 5756; x_wconf 87' lang='lat' dir='ltr'><strong>implebat.</strong></span> <span class='ocrx_word' id='word_1_536' title='bbox 1246 5690 1537 5756; x_wconf 87' lang='lat' dir='ltr'><strong>Sequentes</strong></span> <span class='ocrx_word' id='word_1_537' title='bbox 1559 5704 1684 5743; x_wconf 89' lang='lat' dir='ltr'><strong>vero</strong></span> <span class='ocrx_word' id='word_1_538' title='bbox 1712 5688 1939 5757; x_wconf 89' lang='lat' dir='ltr'><strong>quinque</strong></span> <span class='ocrx_word' id='word_1_539' title='bbox 1961 5701 2080 5740; x_wconf 84' lang='lat' dir='ltr'><strong>cor-</strong></span> 
     </span>
    </p>
   </div>
   <div class='ocr_carea' id='block_1_77' title="bbox 531 5775 2080 5850">
    <p class='ocr_par' dir='ltr' id='par_1_77' title="bbox 531 5775 2080 5850">
     <span class='ocr_line' id='line_1_77' title="bbox 531 5775 2080 5850; baseline -0.004 -15"><span class='ocrx_word' id='word_1_540' title='bbox 531 5777 692 5847; x_wconf 63' lang='lat' dir='ltr'><strong>tina,</strong></span> <span class='ocrx_word' id='word_1_541' title='bbox 713 5791 827 5846; x_wconf 61' lang='lat' dir='ltr'><strong>QUAE</strong></span> <span class='ocrx_word' id='word_1_542' title='bbox 859 5781 1141 5845; x_wconf 83' lang='lat' dir='ltr'><strong>posteriora</strong></span> <span class='ocrx_word' id='word_1_543' title='bbox 1167 5779 1486 5835; x_wconf 72' lang='lat' dir='ltr'><strong>tabernaculi</strong></span> <span class='ocrx_word' id='word_1_544' title='bbox 1525 5780 1788 5850; x_wconf 79' lang='lat' dir='ltr'><strong>tegebant,</strong></span> <span class='ocrx_word' id='word_1_545' title='bbox 1811 5776 1892 5832; x_wconf 84' lang='lat' dir='ltr'><strong>vel</strong></span> <span class='ocrx_word' id='word_1_546' title='bbox 1918 5775 2080 5832; x_wconf 86' lang='lat' dir='ltr'><strong>etiam</strong></span> 
     </span>
    </p>
   </div>
   <div class='ocr_carea' id='block_1_78' title="bbox 2127 1984 3693 2056">
    <p class='ocr_par' dir='ltr' id='par_1_78' title="bbox 2127 1984 3693 2056">
     <span class='ocr_line' id='line_1_78' title="bbox 2127 1984 3693 2056; baseline -0.004 -16"><span class='ocrx_word' id='word_1_547' title='bbox 2127 1999 2209 2042; x_wconf 90' lang='lat' dir='ltr'><strong>tus</strong></span> <span class='ocrx_word' id='word_1_548' title='bbox 2239 1988 2428 2052; x_wconf 84' lang='lat' dir='ltr'><strong>sancti,</strong></span> <span class='ocrx_word' id='word_1_549' title='bbox 2457 1988 2614 2040; x_wconf 88' lang='lat' dir='ltr'><strong>fidem</strong></span> <span class='ocrx_word' id='word_1_550' title='bbox 2670 1986 2904 2056; x_wconf 76' lang='lat' dir='ltr'><strong>gentium</strong></span> <span class='ocrx_word' id='word_1_551' title='bbox 2934 1985 3217 2038; x_wconf 85' lang='lat' dir='ltr'><strong>credebant</strong></span> <span class='ocrx_word' id='word_1_552' title='bbox 3262 1993 3319 2037; x_wconf 83' lang='lat' dir='ltr'><strong>et</strong></span> <span class='ocrx_word' id='word_1_553' title='bbox 3366 1984 3693 2036; x_wconf 82' lang='lat' dir='ltr'><strong>confiteban-</strong></span> 
     </span>
    </p>
   </div>
   <div class='ocr_carea' id='block_1_79' title="bbox 2127 2073 3690 2144">
    <p class='ocr_par' dir='ltr' id='par_1_79' title="bbox 2127 2073 3690 2144">
     <span class='ocr_line' id='line_1_79' title="bbox 2127 2073 3690 2144; baseline -0.005 -13"><span class='ocrx_word' id='word_1_554' title='bbox 2127 2088 2231 2140; x_wconf 92' lang='lat' dir='ltr'><strong>tur,</strong></span> <span class='ocrx_word' id='word_1_555' title='bbox 2268 2094 2364 2130; x_wconf 89' lang='lat' dir='ltr'><strong>nos</strong></span> <span class='ocrx_word' id='word_1_556' title='bbox 2391 2078 2502 2130; x_wconf 75' lang='lat' dir='ltr'><strong>lucc</strong></span> <span class='ocrx_word' id='word_1_557' title='bbox 2533 2077 2706 2130; x_wconf 84' lang='lat' dir='ltr'><strong>omnia</strong></span> <span class='ocrx_word' id='word_1_558' title='bbox 2735 2076 2840 2142; x_wconf 84' lang='lat' dir='ltr'><strong>jam</strong></span> <span class='ocrx_word' id='word_1_559' title='bbox 2886 2075 3048 2140; x_wconf 86' lang='lat' dir='ltr'><strong>facta,</strong></span> <span class='ocrx_word' id='word_1_560' title='bbox 3075 2089 3246 2144; x_wconf 89' lang='lat' dir='ltr'><strong>neque</strong></span> <span class='ocrx_word' id='word_1_561' title='bbox 3273 2073 3499 2127; x_wconf 83' lang='lat' dir='ltr'><strong>ulterius</strong></span> <span class='ocrx_word' id='word_1_562' title='bbox 3526 2073 3690 2126; x_wconf 81' lang='lat' dir='ltr'><strong>ﬂenda</strong></span> 
     </span>
    </p>
   </div>
   <div class='ocr_carea' id='block_1_80' title="bbox 2127 2163 3694 2230">
    <p class='ocr_par' dir='ltr' id='par_1_80' title="bbox 2127 2163 3694 2230">
     <span class='ocr_line' id='line_1_80' title="bbox 2127 2163 3694 2230; baseline -0.004 -9"><span class='ocrx_word' id='word_1_563' title='bbox 2127 2167 2394 2221; x_wconf 88' lang='lat' dir='ltr'><strong>credimus</strong></span> <span class='ocrx_word' id='word_1_564' title='bbox 2443 2177 2493 2219; x_wconf 90' lang='lat' dir='ltr'><strong>et</strong></span> <span class='ocrx_word' id='word_1_565' title='bbox 2548 2166 2878 2218; x_wconf 81' lang='lat' dir='ltr'><strong>confitemur.</strong></span> <span class='ocrx_word' id='word_1_566' title='bbox 2914 2163 3154 2217; x_wconf 79' lang='lat' dir='ltr'><strong>Attamen</strong></span> <span class='ocrx_word' id='word_1_567' title='bbox 3196 2177 3260 2217; x_wconf 87' lang='lat' dir='ltr'><strong>eo</strong></span> <span class='ocrx_word' id='word_1_568' title='bbox 3304 2169 3566 2230; x_wconf 83' lang='lat' dir='ltr'><strong>tempore,</strong></span> <span class='ocrx_word' id='word_1_569' title='bbox 3595 2175 3694 2230; x_wconf 85' lang='lat' dir='ltr'><strong>quo</strong></span> 
     </span>
    </p>
   </div>
   <div class='ocr_carea' id='block_1_81' title="bbox 2127 2254 3693 2326">
    <p class='ocr_par' dir='ltr' id='par_1_81' title="bbox 2127 2254 3693 2326">
     <span class='ocr_line' id='line_1_81' title="bbox 2127 2254 3693 2326; baseline -0.004 -14"><span class='ocrx_word' id='word_1_570' title='bbox 2127 2259 2430 2326; x_wconf 87' lang='lat' dir='ltr'><strong>erigebatur</strong></span> <span class='ocrx_word' id='word_1_571' title='bbox 2463 2256 2886 2320; x_wconf 85' lang='lat' dir='ltr'><strong>tabernaculum,</strong></span> <span class='ocrx_word' id='word_1_572' title='bbox 2918 2269 3101 2309; x_wconf 88' lang='lat' dir='ltr'><strong>omnes</strong></span> <span class='ocrx_word' id='word_1_573' title='bbox 3141 2254 3204 2306; x_wconf 90' lang='lat' dir='ltr'><strong>ad</strong></span> <span class='ocrx_word' id='word_1_574' title='bbox 3228 2254 3456 2307; x_wconf 74' lang='lat' dir='ltr'><strong>invicem</strong></span> <span class='ocrx_word' id='word_1_575' title='bbox 3479 2254 3693 2306; x_wconf 70' lang='lat' dir='ltr'><strong>cortina</strong></span> 
     </span>
    </p>
   </div>
   <div class='ocr_carea' id='block_1_82' title="bbox 2130 2344 3693 2416">
    <p class='ocr_par' dir='ltr' id='par_1_82' title="bbox 2130 2344 3693 2416">
     <span class='ocr_line' id='line_1_82' title="bbox 2130 2344 3693 2416; baseline -0.006 -12"><span class='ocrx_word' id='word_1_576' title='bbox 2130 2350 2500 2412; x_wconf 82' lang='lat' dir='ltr'><strong>nectebantur;</strong></span> <span class='ocrx_word' id='word_1_577' title='bbox 2533 2349 2652 2416; x_wconf 78' lang='lat' dir='ltr'><strong>quia</strong></span> <span class='ocrx_word' id='word_1_578' title='bbox 2693 2362 2812 2402; x_wconf 89' lang='lat' dir='ltr'><strong>cum</strong></span> <span class='ocrx_word' id='word_1_579' title='bbox 2847 2349 3090 2399; x_wconf 84' lang='lat' dir='ltr'><strong>universa</strong></span> <span class='ocrx_word' id='word_1_580' title='bbox 3135 2344 3410 2398; x_wconf 66' lang='lat' dir='ltr'><strong>catholicae</strong></span> <span class='ocrx_word' id='word_1_581' title='bbox 3445 2345 3693 2396; x_wconf 70' lang='lat' dir='ltr'><strong>Ecclesia:</strong></span> 
     </span>
    </p>
   </div>
   <div class='ocr_carea' id='block_1_83' title="bbox 2133 2432 3694 2509">
    <p class='ocr_par' dir='ltr' id='par_1_83' title="bbox 2133 2432 3694 2509">
     <span class='ocr_line' id='line_1_83' title="bbox 2133 2432 3694 2509; baseline -0.005 -18"><span class='ocrx_word' id='word_1_582' title='bbox 2133 2439 2473 2509; x_wconf 86' lang='lat' dir='ltr'><strong>pulchritudo</strong></span> <span class='ocrx_word' id='word_1_583' title='bbox 2503 2437 2570 2490; x_wconf 89' lang='lat' dir='ltr'><strong>ab</strong></span> <span class='ocrx_word' id='word_1_584' title='bbox 2597 2437 2745 2490; x_wconf 90' lang='lat' dir='ltr'><strong>initio</strong></span> <span class='ocrx_word' id='word_1_585' title='bbox 2770 2449 2939 2502; x_wconf 87' lang='lat' dir='ltr'><strong>usque</strong></span> <span class='ocrx_word' id='word_1_586' title='bbox 2969 2435 3035 2487; x_wconf 90' lang='lat' dir='ltr'><strong>ad</strong></span> <span class='ocrx_word' id='word_1_587' title='bbox 3066 2435 3350 2486; x_wconf 85' lang='lat' dir='ltr'><strong>terminum</strong></span> <span class='ocrx_word' id='word_1_588' title='bbox 3372 2432 3554 2486; x_wconf 61' lang='lat' dir='ltr'><strong>saeculi</strong></span> <span class='ocrx_word' id='word_1_589' title='bbox 3582 2446 3694 2500; x_wconf 81' lang='lat' dir='ltr'><strong>pro-</strong></span> 
     </span>
    </p>
   </div>
   <div class='ocr_carea' id='block_1_84' title="bbox 2135 2521 3694 2594">
    <p class='ocr_par' dir='ltr' id='par_1_84' title="bbox 2135 2521 3694 2594">
     <span class='ocr_line' id='line_1_84' title="bbox 2135 2521 3694 2594; baseline -0.006 -13"><span class='ocrx_word' id='word_1_590' title='bbox 2135 2528 2387 2591; x_wconf 91' lang='lat' dir='ltr'><strong>tenditur,</strong></span> <span class='ocrx_word' id='word_1_591' title='bbox 2421 2526 2658 2594; x_wconf 86' lang='lat' dir='ltr'><strong>profecto</strong></span> <span class='ocrx_word' id='word_1_592' title='bbox 2681 2523 2828 2593; x_wconf 90' lang='lat' dir='ltr'><strong>quasi</strong></span> <span class='ocrx_word' id='word_1_593' title='bbox 2860 2537 2960 2576; x_wconf 90' lang='lat' dir='ltr'><strong>una</strong></span> <span class='ocrx_word' id='word_1_594' title='bbox 2990 2522 3170 2575; x_wconf 84' lang='lat' dir='ltr'><strong>decem</strong></span> <span class='ocrx_word' id='word_1_595' title='bbox 3217 2521 3551 2576; x_wconf 87' lang='lat' dir='ltr'><strong>cortinarum</strong></span> <span class='ocrx_word' id='word_1_596' title='bbox 3573 2535 3694 2573; x_wconf 85' lang='lat' dir='ltr'><strong>cou-</strong></span> 
     </span>
    </p>
   </div>
   <div class='ocr_carea' id='block_1_85' title="bbox 2136 2610 3318 2670">
    <p class='ocr_par' dir='ltr' id='par_1_85' title="bbox 2136 2610 3318 2670">
     <span class='ocr_line' id='line_1_85' title="bbox 2136 2610 3318 2670; baseline -0.004 0"><span class='ocrx_word' id='word_1_597' title='bbox 2136 2617 2291 2670; x_wconf 80' lang='lat' dir='ltr'><strong>nexio</strong></span> <span class='ocrx_word' id='word_1_598' title='bbox 2322 2615 2715 2669; x_wconf 89' lang='lat' dir='ltr'><strong>tabernaculum</strong></span> <span class='ocrx_word' id='word_1_599' title='bbox 2745 2610 2952 2667; x_wconf 89' lang='lat' dir='ltr'><strong>Domini</strong></span> <span class='ocrx_word' id='word_1_600' title='bbox 2978 2610 3318 2666; x_wconf 85' lang='lat' dir='ltr'><strong>condecorat.</strong></span> 
     </span>
    </p>
   </div>
   <div class='ocr_carea' id='block_1_86' title="bbox 2207 2700 3692 2774">
    <p class='ocr_par' dir='ltr' id='par_1_86' title="bbox 2207 2700 3692 2774">
     <span class='ocr_line' id='line_1_86' title="bbox 2207 2700 3692 2774; baseline -0.005 -14"><span class='ocrx_word' id='word_1_601' title='bbox 2207 2705 2424 2760; x_wconf 81' lang='lat' dir='ltr'><strong>Ansulas</strong></span> <span class='ocrx_word' id='word_1_602' title='bbox 2451 2702 2800 2774; x_wconf 73' lang='lat' dir='ltr'><strong>hyacinthinus</strong></span> <span class='ocrx_word' id='word_1_603' title='bbox 2829 2702 2881 2756; x_wconf 84' lang='lat' dir='ltr'><strong>in</strong></span> <span class='ocrx_word' id='word_1_604' title='bbox 2931 2703 3162 2756; x_wconf 74' lang='lat' dir='ltr'><strong>lateribus</strong></span> <span class='ocrx_word' id='word_1_605' title='bbox 3197 2716 3258 2754; x_wconf 86' lang='lat' dir='ltr'><strong>ac</strong></span> <span class='ocrx_word' id='word_1_606' title='bbox 3290 2700 3692 2763; x_wconf 69' lang='lat' dir='ltr'><strong>summitatibus,</strong></span> 
     </span>
    </p>
   </div>
   <div class='ocr_carea' id='block_1_87' title="bbox 2139 2791 3694 2866">
    <p class='ocr_par' dir='ltr' id='par_1_87' title="bbox 2139 2791 3694 2866">
     <span class='ocr_line' id='line_1_87' title="bbox 2139 2791 3694 2866; baseline -0.005 -13"><span class='ocrx_word' id='word_1_607' title='bbox 2139 2807 2242 2854; x_wconf 89' lang='lat' dir='ltr'><strong>etc.</strong></span> <span class='ocrx_word' id='word_1_608' title='bbox 2278 2796 2625 2866; x_wconf 80' lang='lat' dir='ltr'><strong>Hyacinthum</strong></span> <span class='ocrx_word' id='word_1_609' title='bbox 2659 2795 2910 2858; x_wconf 77' lang='lat' dir='ltr'><strong>diximus,</strong></span> <span class='ocrx_word' id='word_1_610' title='bbox 2937 2793 3180 2864; x_wconf 88' lang='lat' dir='ltr'><strong>quoniam</strong></span> <span class='ocrx_word' id='word_1_611' title='bbox 3211 2791 3339 2847; x_wconf 89' lang='lat' dir='ltr'><strong>aerii</strong></span> <span class='ocrx_word' id='word_1_612' title='bbox 3369 2792 3565 2847; x_wconf 73' lang='lat' dir='ltr'><strong>coloris</strong></span> <span class='ocrx_word' id='word_1_613' title='bbox 3596 2803 3694 2856; x_wconf 83' lang='lat' dir='ltr'><strong>est,</strong></span> 
     </span>
    </p>
   </div>
   <div class='ocr_carea' id='block_1_88' title="bbox 2139 2883 3695 2954">
    <p class='ocr_par' dir='ltr' id='par_1_88' title="bbox 2139 2883 3695 2954">
     <span class='ocr_line' id='line_1_88' title="bbox 2139 2883 3695 2954; baseline -0.005 -11"><span class='ocrx_word' id='word_1_614' title='bbox 2139 2889 2431 2943; x_wconf 78' lang='lat' dir='ltr'><strong>ccelestiutn</strong></span> <span class='ocrx_word' id='word_1_615' title='bbox 2463 2886 2717 2941; x_wconf 90' lang='lat' dir='ltr'><strong>bonorum</strong></span> <span class='ocrx_word' id='word_1_616' title='bbox 2742 2883 3112 2954; x_wconf 85' lang='lat' dir='ltr'><strong>significationi</strong></span> <span class='ocrx_word' id='word_1_617' title='bbox 3139 2897 3456 2952; x_wconf 88' lang='lat' dir='ltr'><strong>congruere.</strong></span> <span class='ocrx_word' id='word_1_618' title='bbox 3487 2883 3695 2935; x_wconf 81' lang='lat' dir='ltr'><strong>Ansulis</strong></span> 
     </span>
    </p>
   </div>
   <div class='ocr_carea' id='block_1_89' title="bbox 2142 2974 3692 3049">
    <p class='ocr_par' dir='ltr' id='par_1_89' title="bbox 2142 2974 3692 3049">
     <span class='ocr_line' id='line_1_89' title="bbox 2142 2974 3692 3049; baseline -0.005 -16"><span class='ocrx_word' id='word_1_619' title='bbox 2142 2994 2268 3049; x_wconf 87' lang='lat' dir='ltr'><strong>ergo</strong></span> <span class='ocrx_word' id='word_1_620' title='bbox 2297 2977 2652 3048; x_wconf 85' lang='lat' dir='ltr'><strong>hyacinthinis</strong></span> <span class='ocrx_word' id='word_1_621' title='bbox 2680 2984 2902 3030; x_wconf 64' lang='lat' dir='ltr'><strong>cortinae</strong></span> <span class='ocrx_word' id='word_1_622' title='bbox 2933 2974 3156 3047; x_wconf 86' lang='lat' dir='ltr'><strong>invicem</strong></span> <span class='ocrx_word' id='word_1_623' title='bbox 3201 2974 3541 3041; x_wconf 81' lang='lat' dir='ltr'><strong>capulantur,</strong></span> <span class='ocrx_word' id='word_1_624' title='bbox 3583 2990 3692 3026; x_wconf 88' lang='lat' dir='ltr'><strong>cum</strong></span> 
     </span>
    </p>
   </div>
   <div class='ocr_carea' id='block_1_90' title="bbox 2144 3063 3693 3136">
    <p class='ocr_par' dir='ltr' id='par_1_90' title="bbox 2144 3063 3693 3136">
     <span class='ocr_line' id='line_1_90' title="bbox 2144 3063 3693 3136; baseline -0.005 -14"><span class='ocrx_word' id='word_1_625' title='bbox 2144 3069 2294 3122; x_wconf 88' lang='lat' dir='ltr'><strong>unica</strong></span> <span class='ocrx_word' id='word_1_626' title='bbox 2337 3083 2456 3136; x_wconf 77' lang='lat' dir='ltr'><strong>Spes</strong></span> <span class='ocrx_word' id='word_1_627' title='bbox 2499 3081 2742 3134; x_wconf 77' lang='lat' dir='ltr'><strong>superna:</strong></span> <span class='ocrx_word' id='word_1_628' title='bbox 2777 3063 3118 3119; x_wconf 86' lang='lat' dir='ltr'><strong>beatitudinis</strong></span> <span class='ocrx_word' id='word_1_629' title='bbox 3154 3065 3328 3117; x_wconf 88' lang='lat' dir='ltr'><strong>omnia</strong></span> <span class='ocrx_word' id='word_1_630' title='bbox 3375 3078 3472 3131; x_wconf 88' lang='lat' dir='ltr'><strong>per</strong></span> <span class='ocrx_word' id='word_1_631' title='bbox 3511 3065 3693 3118; x_wconf 80' lang='lat' dir='ltr'><strong>orbein</strong></span> 
     </span>
    </p>
   </div>
   <div class='ocr_carea' id='block_1_91' title="bbox 2145 3155 3701 3222">
    <p class='ocr_par' dir='ltr' id='par_1_91' title="bbox 2145 3155 3701 3222">
     <span class='ocr_line' id='line_1_91' title="bbox 2145 3155 3701 3222; baseline -0.004 -8"><span class='ocrx_word' id='word_1_632' title='bbox 2145 3160 2308 3214; x_wconf 88' lang='lat' dir='ltr'><strong>corda</strong></span> <span class='ocrx_word' id='word_1_633' title='bbox 2357 3160 2646 3212; x_wconf 88' lang='lat' dir='ltr'><strong>electorum</strong></span> <span class='ocrx_word' id='word_1_634' title='bbox 2689 3156 2741 3209; x_wconf 93' lang='lat' dir='ltr'><strong>in</strong></span> <span class='ocrx_word' id='word_1_635' title='bbox 2785 3171 2886 3209; x_wconf 91' lang='lat' dir='ltr'><strong>una</strong></span> <span class='ocrx_word' id='word_1_636' title='bbox 2917 3155 3207 3222; x_wconf 86' lang='lat' dir='ltr'><strong>eademque</strong></span> <span class='ocrx_word' id='word_1_637' title='bbox 3250 3155 3537 3209; x_wconf 85' lang='lat' dir='ltr'><strong>devotione</strong></span> <span class='ocrx_word' id='word_1_638' title='bbox 3584 3170 3701 3208; x_wconf 90' lang='lat' dir='ltr'><strong>cou-</strong></span> 
     </span>
    </p>
   </div>
   <div class='ocr_carea' id='block_1_92' title="bbox 2073 3231 3702 3319">
    <p class='ocr_par' dir='ltr' id='par_1_92' title="bbox 2073 3231 3702 3319">
     <span class='ocr_line' id='line_1_92' title="bbox 2073 3231 3702 3319; baseline -0.002 -18"><span class='ocrx_word' id='word_1_639' title='bbox 2073 3231 2122 3293; x_wconf 82' lang='lat' dir='ltr'><strong><em>C</em></strong></span> <span class='ocrx_word' id='word_1_640' title='bbox 2146 3233 2490 3319; x_wconf 44' lang='lat' dir='ltr'><strong>jungit}th</strong></span> <span class='ocrx_word' id='word_1_641' title='bbox 2520 3245 2763 3299; x_wconf 85' lang='lat' dir='ltr'><strong>videlicet</strong></span> <span class='ocrx_word' id='word_1_642' title='bbox 2793 3244 2990 3298; x_wconf 66' lang='lat' dir='ltr'><strong>ansulae</strong></span> <span class='ocrx_word' id='word_1_643' title='bbox 3016 3257 3138 3314; x_wconf 73' lang='lat' dir='ltr'><strong>apte</strong></span> <span class='ocrx_word' id='word_1_644' title='bbox 3165 3243 3432 3306; x_wconf 85' lang='lat' dir='ltr'><strong>dicuntur,</strong></span> <span class='ocrx_word' id='word_1_645' title='bbox 3461 3246 3578 3311; x_wconf 85' lang='lat' dir='ltr'><strong>quia</strong></span> <span class='ocrx_word' id='word_1_646' title='bbox 3609 3261 3702 3297; x_wconf 82' lang='lat' dir='ltr'><strong>non</strong></span> 
     </span>
    </p>
   </div>
   <div class='ocr_carea' id='block_1_93' title="bbox 2149 3335 3704 3400">
    <p class='ocr_par' dir='ltr' id='par_1_93' title="bbox 2149 3335 3704 3400">
     <span class='ocr_line' id='line_1_93' title="bbox 2149 3335 3704 3400; baseline -0.003 -8"><span class='ocrx_word' id='word_1_647' title='bbox 2149 3337 2318 3392; x_wconf 89' lang='lat' dir='ltr'><strong>solum</strong></span> <span class='ocrx_word' id='word_1_648' title='bbox 2350 3337 2401 3390; x_wconf 92' lang='lat' dir='ltr'><strong>in</strong></span> <span class='ocrx_word' id='word_1_649' title='bbox 2430 3336 2680 3391; x_wconf 88' lang='lat' dir='ltr'><strong>lateribus</strong></span> <span class='ocrx_word' id='word_1_650' title='bbox 2706 3336 3054 3400; x_wconf 89' lang='lat' dir='ltr'><strong>cortinarum,</strong></span> <span class='ocrx_word' id='word_1_651' title='bbox 3085 3350 3265 3388; x_wconf 88' lang='lat' dir='ltr'><strong>verum</strong></span> <span class='ocrx_word' id='word_1_652' title='bbox 3297 3335 3457 3388; x_wconf 87' lang='lat' dir='ltr'><strong>etiam</strong></span> <span class='ocrx_word' id='word_1_653' title='bbox 3489 3335 3539 3387; x_wconf 93' lang='lat' dir='ltr'><strong>iu</strong></span> <span class='ocrx_word' id='word_1_654' title='bbox 3570 3351 3704 3390; x_wconf 83' lang='lat' dir='ltr'><strong>sum-</strong></span> 
     </span>
    </p>
   </div>
   <div class='ocr_carea' id='block_1_94' title="bbox 2151 3425 3704 3494">
    <p class='ocr_par' dir='ltr' id='par_1_94' title="bbox 2151 3425 3704 3494">
     <span class='ocr_line' id='line_1_94' title="bbox 2151 3425 3704 3494; baseline -0.001 -13"><span class='ocrx_word' id='word_1_655' title='bbox 2151 3427 2438 3491; x_wconf 88' lang='lat' dir='ltr'><strong>mitatibus,</strong></span> <span class='ocrx_word' id='word_1_656' title='bbox 2469 3426 2567 3481; x_wconf 89' lang='lat' dir='ltr'><strong>hoc</strong></span> <span class='ocrx_word' id='word_1_657' title='bbox 2593 3438 2672 3481; x_wconf 88' lang='lat' dir='ltr'><strong>est</strong></span> <span class='ocrx_word' id='word_1_658' title='bbox 2704 3426 2965 3481; x_wconf 78' lang='lat' dir='ltr'><strong>extremis</strong></span> <span class='ocrx_word' id='word_1_659' title='bbox 2993 3425 3301 3494; x_wconf 85' lang='lat' dir='ltr'><strong>angulorum</strong></span> <span class='ocrx_word' id='word_1_660' title='bbox 3329 3427 3572 3480; x_wconf 87' lang='lat' dir='ltr'><strong>terminis</strong></span> <span class='ocrx_word' id='word_1_661' title='bbox 3602 3426 3704 3481; x_wconf 83' lang='lat' dir='ltr'><strong>fieri</strong></span> 
     </span>
    </p>
   </div>
   <div class='ocr_carea' id='block_1_95' title="bbox 2151 3517 3707 3586">
    <p class='ocr_par' dir='ltr' id='par_1_95' title="bbox 2151 3517 3707 3586">
     <span class='ocr_line' id='line_1_95' title="bbox 2151 3517 3707 3586; baseline -0.002 -15"><span class='ocrx_word' id='word_1_662' title='bbox 2151 3518 2424 3573; x_wconf 90' lang='lat' dir='ltr'><strong>deberent.</strong></span> <span class='ocrx_word' id='word_1_663' title='bbox 2459 3517 2639 3586; x_wconf 82' lang='lat' dir='ltr'><strong>Neque</strong></span> <span class='ocrx_word' id='word_1_664' title='bbox 2671 3517 2811 3570; x_wconf 90' lang='lat' dir='ltr'><strong>enim</strong></span> <span class='ocrx_word' id='word_1_665' title='bbox 2841 3517 2944 3569; x_wconf 88' lang='lat' dir='ltr'><strong>vita</strong></span> <span class='ocrx_word' id='word_1_666' title='bbox 2999 3523 3198 3568; x_wconf 83' lang='lat' dir='ltr'><strong>tantum</strong></span> <span class='ocrx_word' id='word_1_667' title='bbox 3245 3526 3295 3569; x_wconf 90' lang='lat' dir='ltr'><strong>et</strong></span> <span class='ocrx_word' id='word_1_668' title='bbox 3325 3517 3566 3584; x_wconf 87' lang='lat' dir='ltr'><strong>operatio</strong></span> <span class='ocrx_word' id='word_1_669' title='bbox 3594 3531 3707 3570; x_wconf 80' lang='lat' dir='ltr'><strong>san-</strong></span> 
     </span>
    </p>
   </div>
   <div class='ocr_carea' id='block_1_96' title="bbox 2153 3605 3710 3674">
    <p class='ocr_par' dir='ltr' id='par_1_96' title="bbox 2153 3605 3710 3674">
     <span class='ocr_line' id='line_1_96' title="bbox 2153 3605 3710 3674; baseline -0.003 -11"><span class='ocrx_word' id='word_1_670' title='bbox 2153 3620 2353 3663; x_wconf 88' lang='lat' dir='ltr'><strong>ctorum</strong></span> <span class='ocrx_word' id='word_1_671' title='bbox 2377 3605 2642 3662; x_wconf 89' lang='lat' dir='ltr'><strong>communi</strong></span> <span class='ocrx_word' id='word_1_672' title='bbox 2667 3606 2729 3658; x_wconf 89' lang='lat' dir='ltr'><strong>ad</strong></span> <span class='ocrx_word' id='word_1_673' title='bbox 2756 3605 3125 3674; x_wconf 89' lang='lat' dir='ltr'><strong>perfectionem</strong></span> <span class='ocrx_word' id='word_1_674' title='bbox 3148 3605 3335 3659; x_wconf 89' lang='lat' dir='ltr'><strong>itinere</strong></span> <span class='ocrx_word' id='word_1_675' title='bbox 3363 3615 3518 3658; x_wconf 73' lang='lat' dir='ltr'><strong>rectze</strong></span> <span class='ocrx_word' id='word_1_676' title='bbox 3545 3605 3710 3659; x_wconf 81' lang='lat' dir='ltr'><strong>inten-</strong></span> 
     </span>
    </p>
   </div>
   <div class='ocr_carea' id='block_1_97' title="bbox 2157 3695 3708 3766">
    <p class='ocr_par' dir='ltr' id='par_1_97' title="bbox 2157 3695 3708 3766">
     <span class='ocr_line' id='line_1_97' title="bbox 2157 3695 3708 3766; baseline -0.003 -12"><span class='ocrx_word' id='word_1_677' title='bbox 2157 3699 2314 3754; x_wconf 89' lang='lat' dir='ltr'><strong>tionis</strong></span> <span class='ocrx_word' id='word_1_678' title='bbox 2345 3705 2610 3766; x_wconf 84' lang='lat' dir='ltr'><strong>properat,</strong></span> <span class='ocrx_word' id='word_1_679' title='bbox 2636 3697 2728 3750; x_wconf 89' lang='lat' dir='ltr'><strong>sed</strong></span> <span class='ocrx_word' id='word_1_680' title='bbox 2754 3699 2920 3765; x_wconf 76' lang='lat' dir='ltr'><strong>ipsum</strong></span> <span class='ocrx_word' id='word_1_681' title='bbox 2947 3710 3154 3764; x_wconf 90' lang='lat' dir='ltr'><strong>quoque</strong></span> <span class='ocrx_word' id='word_1_682' title='bbox 3176 3695 3381 3748; x_wconf 85' lang='lat' dir='ltr'><strong>initium</strong></span> <span class='ocrx_word' id='word_1_683' title='bbox 3408 3696 3565 3749; x_wconf 76' lang='lat' dir='ltr'><strong>beate</strong></span> <span class='ocrx_word' id='word_1_684' title='bbox 3583 3710 3708 3751; x_wconf 80' lang='lat' dir='ltr'><strong>cou-</strong></span> 
     </span>
    </p>
   </div>
   <div class='ocr_carea' id='block_1_98' title="bbox 2157 3784 3714 3857">
    <p class='ocr_par' dir='ltr' id='par_1_98' title="bbox 2157 3784 3714 3857">
     <span class='ocr_line' id='line_1_98' title="bbox 2157 3784 3714 3857; baseline -0.003 -12"><span class='ocrx_word' id='word_1_685' title='bbox 2157 3789 2492 3851; x_wconf 82' lang='lat' dir='ltr'><strong>versatiouis,</strong></span> <span class='ocrx_word' id='word_1_686' title='bbox 2525 3788 2662 3855; x_wconf 89' lang='lat' dir='ltr'><strong>quod</strong></span> <span class='ocrx_word' id='word_1_687' title='bbox 2713 3801 2804 3857; x_wconf 89' lang='lat' dir='ltr'><strong>per</strong></span> <span class='ocrx_word' id='word_1_688' title='bbox 2858 3785 3240 3840; x_wconf 80' lang='lat' dir='ltr'><strong>confessionem</strong></span> <span class='ocrx_word' id='word_1_689' title='bbox 3288 3784 3409 3840; x_wconf 85' lang='lat' dir='ltr'><strong>fidei</strong></span> <span class='ocrx_word' id='word_1_690' title='bbox 3449 3800 3506 3841; x_wconf 87' lang='lat' dir='ltr'><strong>et</strong></span> <span class='ocrx_word' id='word_1_691' title='bbox 3540 3801 3714 3841; x_wconf 84' lang='lat' dir='ltr'><strong>sacra-</strong></span> 
     </span>
    </p>
   </div>
   <div class='ocr_carea' id='block_1_99' title="bbox 2160 3879 3711 3947">
    <p class='ocr_par' dir='ltr' id='par_1_99' title="bbox 2160 3879 3711 3947">
     <span class='ocr_line' id='line_1_99' title="bbox 2160 3879 3711 3947; baseline -0.006 -10"><span class='ocrx_word' id='word_1_692' title='bbox 2160 3893 2455 3938; x_wconf 81' lang='lat' dir='ltr'><strong>mentorum</strong></span> <span class='ocrx_word' id='word_1_693' title='bbox 2487 3883 2781 3935; x_wconf 75' lang='lat' dir='ltr'><strong>cmlcstium</strong></span> <span class='ocrx_word' id='word_1_694' title='bbox 2812 3879 3202 3947; x_wconf 73' lang='lat' dir='ltr'><strong>perceptionem</strong></span> <span class='ocrx_word' id='word_1_695' title='bbox 3248 3879 3470 3947; x_wconf 85' lang='lat' dir='ltr'><strong>geritur,</strong></span> <span class='ocrx_word' id='word_1_696' title='bbox 3523 3893 3711 3946; x_wconf 76' lang='lat' dir='ltr'><strong>nequa-</strong></span> 
     </span>
    </p>
   </div>
   <div class='ocr_carea' id='block_1_100' title="bbox 2161 3964 3710 4040">
    <p class='ocr_par' dir='ltr' id='par_1_100' title="bbox 2161 3964 3710 4040">
     <span class='ocr_line' id='line_1_100' title="bbox 2161 3964 3710 4040; baseline 0 -18"><span class='ocrx_word' id='word_1_697' title='bbox 2161 3989 2315 4040; x_wconf 89' lang='lat' dir='ltr'><strong>quam</strong></span> <span class='ocrx_word' id='word_1_698' title='bbox 2349 3974 2413 4024; x_wconf 90' lang='lat' dir='ltr'><strong>ah</strong></span> <span class='ocrx_word' id='word_1_699' title='bbox 2443 3971 2664 4024; x_wconf 75' lang='lat' dir='ltr'><strong>invicem</strong></span> <span class='ocrx_word' id='word_1_700' title='bbox 2714 3970 3001 4034; x_wconf 86' lang='lat' dir='ltr'><strong>diversum,</strong></span> <span class='ocrx_word' id='word_1_701' title='bbox 3050 3968 3141 4022; x_wconf 86' lang='lat' dir='ltr'><strong>sed</strong></span> <span class='ocrx_word' id='word_1_702' title='bbox 3174 3964 3291 4036; x_wconf 79' lang='lat' dir='ltr'><strong>pari</strong></span> <span class='ocrx_word' id='word_1_703' title='bbox 3313 3977 3371 4021; x_wconf 91' lang='lat' dir='ltr'><strong>et</strong></span> <span class='ocrx_word' id='word_1_704' title='bbox 3413 3968 3710 4022; x_wconf 83' lang='lat' dir='ltr'><strong>indissimili</strong></span> 
     </span>
    </p>
   </div>
   <div class='ocr_carea' id='block_1_101' title="bbox 2165 4056 3714 4123">
    <p class='ocr_par' dir='ltr' id='par_1_101' title="bbox 2165 4056 3714 4123">
     <span class='ocr_line' id='line_1_101' title="bbox 2165 4056 3714 4123; baseline -0.005 -7"><span class='ocrx_word' id='word_1_705' title='bbox 2165 4062 2358 4116; x_wconf 76' lang='lat' dir='ltr'><strong>habent</strong></span> <span class='ocrx_word' id='word_1_706' title='bbox 2380 4075 2565 4113; x_wconf 91' lang='lat' dir='ltr'><strong>omnes</strong></span> <span class='ocrx_word' id='word_1_707' title='bbox 2594 4060 2828 4111; x_wconf 82' lang='lat' dir='ltr'><strong>veritatis</strong></span> <span class='ocrx_word' id='word_1_708' title='bbox 2859 4060 3024 4123; x_wconf 89' lang='lat' dir='ltr'><strong>gratia</strong></span> <span class='ocrx_word' id='word_1_709' title='bbox 3066 4072 3388 4110; x_wconf 76' lang='lat' dir='ltr'><strong>connexum.</strong></span> <span class='ocrx_word' id='word_1_710' title='bbox 3415 4056 3714 4110; x_wconf 83' lang='lat' dir='ltr'><strong>Termintnn</strong></span> 
     </span>
    </p>
   </div>
   <div class='ocr_carea' id='block_1_102' title="bbox 2164 4142 3712 4220">
    <p class='ocr_par' dir='ltr' id='par_1_102' title="bbox 2164 4142 3712 4220">
     <span class='ocr_line' id='line_1_102' title="bbox 2164 4142 3712 4220; baseline -0.002 -21"><span class='ocrx_word' id='word_1_711' title='bbox 2164 4164 2370 4220; x_wconf 84' lang='lat' dir='ltr'><strong>quoque</strong></span> <span class='ocrx_word' id='word_1_712' title='bbox 2417 4149 2534 4199; x_wconf 67' lang='lat' dir='ltr'><strong>vitae</strong></span> <span class='ocrx_word' id='word_1_713' title='bbox 2585 4146 2888 4212; x_wconf 89' lang='lat' dir='ltr'><strong>temporalis</strong></span> <span class='ocrx_word' id='word_1_714' title='bbox 2933 4144 3107 4198; x_wconf 91' lang='lat' dir='ltr'><strong>cuncti</strong></span> <span class='ocrx_word' id='word_1_715' title='bbox 3155 4144 3310 4196; x_wconf 88' lang='lat' dir='ltr'><strong>unius</strong></span> <span class='ocrx_word' id='word_1_716' title='bbox 3365 4142 3712 4210; x_wconf 80' lang='lat' dir='ltr'><strong>ejusdemque</strong></span> 
     </span>
    </p>
   </div>
   <div class='ocr_carea' id='block_1_103' title="bbox 2165 4232 3710 4308">
    <p class='ocr_par' dir='ltr' id='par_1_103' title="bbox 2165 4232 3710 4308">
     <span class='ocr_line' id='line_1_103' title="bbox 2165 4232 3710 4308; baseline -0.007 -13"><span class='ocrx_word' id='word_1_717' title='bbox 2165 4241 2275 4308; x_wconf 80' lang='lat' dir='ltr'><strong>Spei</strong></span> <span class='ocrx_word' id='word_1_718' title='bbox 2300 4239 2546 4290; x_wconf 83' lang='lat' dir='ltr'><strong>habemds</strong></span> <span class='ocrx_word' id='word_1_719' title='bbox 2572 4235 2886 4290; x_wconf 86' lang='lat' dir='ltr'><strong>certitudine</strong></span> <span class='ocrx_word' id='word_1_720' title='bbox 2909 4249 3263 4296; x_wconf 87' lang='lat' dir='ltr'><strong>communem,</strong></span> <span class='ocrx_word' id='word_1_721' title='bbox 3287 4247 3406 4286; x_wconf 89' lang='lat' dir='ltr'><strong>cum</strong></span> <span class='ocrx_word' id='word_1_722' title='bbox 3441 4233 3509 4285; x_wconf 93' lang='lat' dir='ltr'><strong>ita</strong></span> <span class='ocrx_word' id='word_1_723' title='bbox 3535 4232 3710 4285; x_wconf 73' lang='lat' dir='ltr'><strong>oculos</strong></span> 
     </span>
    </p>
   </div>
   <div class='ocr_carea' id='block_1_104' title="bbox 2169 4322 3715 4392">
    <p class='ocr_par' dir='ltr' id='par_1_104' title="bbox 2169 4322 3715 4392">
     <span class='ocr_line' id='line_1_104' title="bbox 2169 4322 3715 4392; baseline -0.006 -9"><span class='ocrx_word' id='word_1_724' title='bbox 2169 4333 2218 4383; x_wconf 92' lang='lat' dir='ltr'><strong>in</strong></span> <span class='ocrx_word' id='word_1_725' title='bbox 2250 4336 2416 4381; x_wconf 88' lang='lat' dir='ltr'><strong>morte</strong></span> <span class='ocrx_word' id='word_1_726' title='bbox 2437 4325 2754 4389; x_wconf 88' lang='lat' dir='ltr'><strong>elaudimus,</strong></span> <span class='ocrx_word' id='word_1_727' title='bbox 2785 4335 2839 4378; x_wconf 91' lang='lat' dir='ltr'><strong>ut</strong></span> <span class='ocrx_word' id='word_1_728' title='bbox 2870 4335 3114 4392; x_wconf 74' lang='lat' dir='ltr'><strong>percepto</strong></span> <span class='ocrx_word' id='word_1_729' title='bbox 3141 4325 3284 4391; x_wconf 86' lang='lat' dir='ltr'><strong>prius</strong></span> <span class='ocrx_word' id='word_1_730' title='bbox 3310 4322 3503 4374; x_wconf 87' lang='lat' dir='ltr'><strong>viatico</strong></span> <span class='ocrx_word' id='word_1_731' title='bbox 3529 4329 3715 4390; x_wconf 59' lang='lat' dir='ltr'><strong>mystec</strong></span> 
     </span>
    </p>
   </div>
   <div class='ocr_carea' id='block_1_105' title="bbox 2167 4412 3713 4481">
    <p class='ocr_par' dir='ltr' id='par_1_105' title="bbox 2167 4412 3713 4481">
     <span class='ocr_line' id='line_1_105' title="bbox 2167 4412 3713 4481; baseline -0.009 -6"><span class='ocrx_word' id='word_1_732' title='bbox 2167 4422 2229 4475; x_wconf 88' lang='lat' dir='ltr'><strong>rii</strong></span> <span class='ocrx_word' id='word_1_733' title='bbox 2276 4418 2525 4481; x_wconf 70' lang='lat' dir='ltr'><strong>caelestis,</strong></span> <span class='ocrx_word' id='word_1_734' title='bbox 2576 4416 2731 4470; x_wconf 88' lang='lat' dir='ltr'><strong>citius</strong></span> <span class='ocrx_word' id='word_1_735' title='bbox 2775 4431 2870 4470; x_wconf 86' lang='lat' dir='ltr'><strong>nos</strong></span> <span class='ocrx_word' id='word_1_736' title='bbox 2920 4416 2970 4468; x_wconf 94' lang='lat' dir='ltr'><strong>in</strong></span> <span class='ocrx_word' id='word_1_737' title='bbox 3020 4431 3138 4468; x_wconf 86' lang='lat' dir='ltr'><strong>vera</strong></span> <span class='ocrx_word' id='word_1_738' title='bbox 3197 4412 3545 4468; x_wconf 82' lang='lat' dir='ltr'><strong>inveniendus</strong></span> <span class='ocrx_word' id='word_1_739' title='bbox 3593 4413 3713 4474; x_wconf 78' lang='lat' dir='ltr'><strong>vita,</strong></span> 
     </span>
    </p>
   </div>
   <div class='ocr_carea' id='block_1_106' title="bbox 2169 4501 3712 4580">
    <p class='ocr_par' dir='ltr' id='par_1_106' title="bbox 2169 4501 3712 4580">
     <span class='ocr_line' id='line_1_106' title="bbox 2169 4501 3712 4580; baseline -0.006 -17"><span class='ocrx_word' id='word_1_740' title='bbox 2169 4521 2324 4580; x_wconf 89' lang='lat' dir='ltr'><strong>atque</strong></span> <span class='ocrx_word' id='word_1_741' title='bbox 2362 4511 2413 4564; x_wconf 93' lang='lat' dir='ltr'><strong>in</strong></span> <span class='ocrx_word' id='word_1_742' title='bbox 2448 4511 2541 4562; x_wconf 90' lang='lat' dir='ltr'><strong>hac</strong></span> <span class='ocrx_word' id='word_1_743' title='bbox 2574 4517 2825 4577; x_wconf 81' lang='lat' dir='ltr'><strong>perpetuo</strong></span> <span class='ocrx_word' id='word_1_744' title='bbox 2871 4520 3151 4560; x_wconf 85' lang='lat' dir='ltr'><strong>mansuros</strong></span> <span class='ocrx_word' id='word_1_745' title='bbox 3204 4520 3325 4559; x_wconf 87' lang='lat' dir='ltr'><strong>esse</strong></span> <span class='ocrx_word' id='word_1_746' title='bbox 3375 4501 3712 4558; x_wconf 76' lang='lat' dir='ltr'><strong>conﬁdamus.</strong></span> 
     </span>
    </p>
   </div>
   <div class='ocr_carea' id='block_1_107' title="bbox 2171 4594 3720 4668">
    <p class='ocr_par' dir='ltr' id='par_1_107' title="bbox 2171 4594 3720 4668">
     <span class='ocr_line' id='line_1_107' title="bbox 2171 4594 3720 4668; baseline -0.006 -14"><span class='ocrx_word' id='word_1_747' title='bbox 2171 4601 2425 4668; x_wconf 88' lang='lat' dir='ltr'><strong>Congruit</strong></span> <span class='ocrx_word' id='word_1_748' title='bbox 2457 4601 2575 4653; x_wconf 88' lang='lat' dir='ltr'><strong>huic</strong></span> <span class='ocrx_word' id='word_1_749' title='bbox 2603 4599 2740 4663; x_wconf 88' lang='lat' dir='ltr'><strong>loco,</strong></span> <span class='ocrx_word' id='word_1_750' title='bbox 2769 4599 2906 4666; x_wconf 91' lang='lat' dir='ltr'><strong>quod</strong></span> <span class='ocrx_word' id='word_1_751' title='bbox 2940 4594 3000 4648; x_wconf 14' lang='lat' dir='ltr'><strong>ini</strong></span> <span class='ocrx_word' id='word_1_752' title='bbox 3018 4596 3154 4649; x_wconf 85' lang='lat' dir='ltr'><strong>libro</strong></span> <span class='ocrx_word' id='word_1_753' title='bbox 3203 4595 3556 4648; x_wconf 81' lang='lat' dir='ltr'><strong>Numerorum</strong></span> <span class='ocrx_word' id='word_1_754' title='bbox 3599 4609 3720 4662; x_wconf 69' lang='lat' dir='ltr'><strong>pr:-</strong></span> 
     </span>
    </p>
   </div>
   <div class='ocr_carea' id='block_1_108' title="bbox 2174 4686 3717 4760">
    <p class='ocr_par' dir='ltr' id='par_1_108' title="bbox 2174 4686 3717 4760">
     <span class='ocr_line' id='line_1_108' title="bbox 2174 4686 3717 4760; baseline -0.005 -15"><span class='ocrx_word' id='word_1_755' title='bbox 2174 4694 2364 4760; x_wconf 85' lang='lat' dir='ltr'><strong>cipitur</strong></span> <span class='ocrx_word' id='word_1_756' title='bbox 2395 4693 2514 4746; x_wconf 84' lang='lat' dir='ltr'><strong>filiis</strong></span> <span class='ocrx_word' id='word_1_757' title='bbox 2541 4692 2726 4754; x_wconf 88' lang='lat' dir='ltr'><strong>Israel,</strong></span> <span class='ocrx_word' id='word_1_758' title='bbox 2758 4702 2810 4743; x_wconf 81' lang='lat' dir='ltr'><strong>ut</strong></span> <span class='ocrx_word' id='word_1_759' title='bbox 2841 4691 3034 4758; x_wconf 79' lang='lat' dir='ltr'><strong>faciant</strong></span> <span class='ocrx_word' id='word_1_760' title='bbox 3065 4687 3160 4740; x_wconf 77' lang='lat' dir='ltr'><strong>sibi</strong></span> <span class='ocrx_word' id='word_1_761' title='bbox 3191 4686 3419 4750; x_wconf 73' lang='lat' dir='ltr'><strong>ﬁmbrias</strong></span> <span class='ocrx_word' id='word_1_762' title='bbox 3453 4702 3540 4752; x_wconf 82' lang='lat' dir='ltr'><strong>per</strong></span> <span class='ocrx_word' id='word_1_763' title='bbox 3563 4702 3717 4751; x_wconf 67' lang='lat' dir='ltr'><strong>angat-</strong></span> 
     </span>
    </p>
   </div>
   <div class='ocr_carea' id='block_1_109' title="bbox 2176 4771 3717 4851">
    <p class='ocr_par' dir='ltr' id='par_1_109' title="bbox 2176 4771 3717 4851">
     <span class='ocr_line' id='line_1_109' title="bbox 2176 4771 3717 4851; baseline -0.006 -17"><span class='ocrx_word' id='word_1_764' title='bbox 2176 4783 2248 4835; x_wconf 84' lang='lat' dir='ltr'><strong>los</strong></span> <span class='ocrx_word' id='word_1_765' title='bbox 2275 4784 2561 4851; x_wconf 73' lang='lat' dir='ltr'><strong>palliorum,</strong></span> <span class='ocrx_word' id='word_1_766' title='bbox 2593 4789 2830 4849; x_wconf 79' lang='lat' dir='ltr'><strong>ponentes</strong></span> <span class='ocrx_word' id='word_1_767' title='bbox 2859 4779 2906 4829; x_wconf 84' lang='lat' dir='ltr'><strong>in</strong></span> <span class='ocrx_word' id='word_1_768' title='bbox 2936 4778 3006 4829; x_wconf 73' lang='lat' dir='ltr'><strong>cfs</strong></span> <span class='ocrx_word' id='word_1_769' title='bbox 3031 4778 3181 4827; x_wconf 82' lang='lat' dir='ltr'><strong>vittas</strong></span> <span class='ocrx_word' id='word_1_770' title='bbox 3207 4773 3581 4842; x_wconf 70' lang='lat' dir='ltr'><strong>hyacinthinus.</strong></span> <span class='ocrx_word' id='word_1_771' title='bbox 3611 4771 3717 4827; x_wconf 71' lang='lat' dir='ltr'><strong>Filii</strong></span> 
     </span>
    </p>
   </div>
   <div class='ocr_carea' id='block_1_110' title="bbox 2176 4861 3718 4940">
    <p class='ocr_par' dir='ltr' id='par_1_110' title="bbox 2176 4861 3718 4940">
     <span class='ocr_line' id='line_1_110' title="bbox 2176 4861 3718 4940; baseline -0.008 -16"><span class='ocrx_word' id='word_1_772' title='bbox 2176 4873 2366 4940; x_wconf 86' lang='lat' dir='ltr'><strong>quippe</strong></span> <span class='ocrx_word' id='word_1_773' title='bbox 2397 4871 2557 4924; x_wconf 87' lang='lat' dir='ltr'><strong>lsrael</strong></span> <span class='ocrx_word' id='word_1_774' title='bbox 2587 4870 2637 4922; x_wconf 88' lang='lat' dir='ltr'><strong>in</strong></span> <span class='ocrx_word' id='word_1_775' title='bbox 2671 4868 2946 4935; x_wconf 87' lang='lat' dir='ltr'><strong>pallioruut</strong></span> <span class='ocrx_word' id='word_1_776' title='bbox 2974 4862 3180 4932; x_wconf 84' lang='lat' dir='ltr'><strong>angulis</strong></span> <span class='ocrx_word' id='word_1_777' title='bbox 3231 4864 3465 4916; x_wconf 70' lang='lat' dir='ltr'><strong>fimbrias</strong></span> <span class='ocrx_word' id='word_1_778' title='bbox 3492 4872 3547 4916; x_wconf 84' lang='lat' dir='ltr'><strong>et</strong></span> <span class='ocrx_word' id='word_1_779' title='bbox 3574 4861 3718 4914; x_wconf 75' lang='lat' dir='ltr'><strong>vittas</strong></span> 
     </span>
    </p>
   </div>
   <div class='ocr_carea' id='block_1_111' title="bbox 2181 4950 3716 5028">
    <p class='ocr_par' dir='ltr' id='par_1_111' title="bbox 2181 4950 3716 5028">
     <span class='ocr_line' id='line_1_111' title="bbox 2181 4950 3716 5028; baseline -0.008 -13"><span class='ocrx_word' id='word_1_780' title='bbox 2181 4962 2372 5015; x_wconf 84' lang='lat' dir='ltr'><strong>habent</strong></span> <span class='ocrx_word' id='word_1_781' title='bbox 2398 4960 2782 5028; x_wconf 78' lang='lat' dir='ltr'><strong>hyacinthinus,</strong></span> <span class='ocrx_word' id='word_1_782' title='bbox 2809 4971 2927 5010; x_wconf 87' lang='lat' dir='ltr'><strong>cum</strong></span> <span class='ocrx_word' id='word_1_783' title='bbox 2953 4957 3106 5010; x_wconf 88' lang='lat' dir='ltr'><strong>electi</strong></span> <span class='ocrx_word' id='word_1_784' title='bbox 3132 4955 3346 5022; x_wconf 87' lang='lat' dir='ltr'><strong>quique,</strong></span> <span class='ocrx_word' id='word_1_785' title='bbox 3373 4962 3426 5006; x_wconf 86' lang='lat' dir='ltr'><strong>et</strong></span> <span class='ocrx_word' id='word_1_786' title='bbox 3452 4954 3539 5020; x_wconf 86' lang='lat' dir='ltr'><strong>qui</strong></span> <span class='ocrx_word' id='word_1_787' title='bbox 3567 4950 3716 5004; x_wconf 76' lang='lat' dir='ltr'><strong>Deum</strong></span> 
     </span>
    </p>
   </div>
   <div class='ocr_carea' id='block_1_112' title="bbox 2183 5039 3719 5114">
    <p class='ocr_par' dir='ltr' id='par_1_112' title="bbox 2183 5039 3719 5114">
     <span class='ocr_line' id='line_1_112' title="bbox 2183 5039 3719 5114; baseline -0.008 -10"><span class='ocrx_word' id='word_1_788' title='bbox 2183 5053 2363 5105; x_wconf 86' lang='lat' dir='ltr'><strong>videte</strong></span> <span class='ocrx_word' id='word_1_789' title='bbox 2409 5050 2727 5113; x_wconf 81' lang='lat' dir='ltr'><strong>desiderant,</strong></span> <span class='ocrx_word' id='word_1_790' title='bbox 2765 5048 2833 5100; x_wconf 92' lang='lat' dir='ltr'><strong>ita</strong></span> <span class='ocrx_word' id='word_1_791' title='bbox 2863 5047 3113 5114; x_wconf 84' lang='lat' dir='ltr'><strong>operibus</strong></span> <span class='ocrx_word' id='word_1_792' title='bbox 3141 5059 3198 5097; x_wconf 86' lang='lat' dir='ltr'><strong>se</strong></span> <span class='ocrx_word' id='word_1_793' title='bbox 3233 5043 3454 5110; x_wconf 72' lang='lat' dir='ltr'><strong>iustitia:</strong></span> <span class='ocrx_word' id='word_1_794' title='bbox 3518 5039 3719 5094; x_wconf 78' lang='lat' dir='ltr'><strong>induere</strong></span> 
     </span>
    </p>
   </div>
   <div class='ocr_carea' id='block_1_113' title="bbox 2183 5128 3717 5205">
    <p class='ocr_par' dir='ltr' id='par_1_113' title="bbox 2183 5128 3717 5205">
     <span class='ocr_line' id='line_1_113' title="bbox 2183 5128 3717 5205; baseline -0.008 -11"><span class='ocrx_word' id='word_1_795' title='bbox 2183 5144 2441 5205; x_wconf 78' lang='lat' dir='ltr'><strong>laborant,</strong></span> <span class='ocrx_word' id='word_1_796' title='bbox 2472 5150 2527 5192; x_wconf 90' lang='lat' dir='ltr'><strong>ut</strong></span> <span class='ocrx_word' id='word_1_797' title='bbox 2555 5141 2739 5192; x_wconf 89' lang='lat' dir='ltr'><strong>hortttn</strong></span> <span class='ocrx_word' id='word_1_798' title='bbox 2787 5137 2945 5189; x_wconf 79' lang='lat' dir='ltr'><strong>liuent</strong></span> <span class='ocrx_word' id='word_1_799' title='bbox 2998 5152 3102 5187; x_wconf 91' lang='lat' dir='ltr'><strong>non</strong></span> <span class='ocrx_word' id='word_1_800' title='bbox 3136 5135 3186 5185; x_wconf 93' lang='lat' dir='ltr'><strong>in</strong></span> <span class='ocrx_word' id='word_1_801' title='bbox 3240 5130 3394 5183; x_wconf 88' lang='lat' dir='ltr'><strong>laude</strong></span> <span class='ocrx_word' id='word_1_802' title='bbox 3436 5128 3717 5182; x_wconf 74' lang='lat' dir='ltr'><strong>mertalinm</strong></span> 
     </span>
    </p>
   </div>
   <div class='ocr_carea' id='block_1_114' title="bbox 2185 5221 3722 5299">
    <p class='ocr_par' dir='ltr' id='par_1_114' title="bbox 2185 5221 3722 5299">
     <span class='ocr_line' id='line_1_114' title="bbox 2185 5221 3722 5299; baseline -0.008 -15"><span class='ocrx_word' id='word_1_803' title='bbox 2185 5239 2398 5299; x_wconf 71' lang='lat' dir='ltr'><strong>ponant,</strong></span> <span class='ocrx_word' id='word_1_804' title='bbox 2449 5246 2513 5283; x_wconf 90' lang='lat' dir='ltr'><strong>ne</strong></span> <span class='ocrx_word' id='word_1_805' title='bbox 2561 5228 2697 5281; x_wconf 83' lang='lat' dir='ltr'><strong>forte</strong></span> <span class='ocrx_word' id='word_1_806' title='bbox 2739 5228 2943 5280; x_wconf 82' lang='lat' dir='ltr'><strong>dicatur</strong></span> <span class='ocrx_word' id='word_1_807' title='bbox 2991 5225 3059 5276; x_wconf 88' lang='lat' dir='ltr'><strong>de</strong></span> <span class='ocrx_word' id='word_1_808' title='bbox 3106 5223 3202 5282; x_wconf 90' lang='lat' dir='ltr'><strong>eis,</strong></span> <span class='ocrx_word' id='word_1_809' title='bbox 3265 5221 3398 5284; x_wconf 77' lang='lat' dir='ltr'><strong>Quia</strong></span> <span class='ocrx_word' id='word_1_810' title='bbox 3446 5225 3722 5288; x_wconf 75' lang='lat' dir='ltr'><strong>receperant</strong></span> 
     </span>
    </p>
   </div>
   <div class='ocr_carea' id='block_1_115' title="bbox 2186 5307 3719 5382">
    <p class='ocr_par' dir='ltr' id='par_1_115' title="bbox 2186 5307 3719 5382">
     <span class='ocr_line' id='line_1_115' title="bbox 2186 5307 3719 5382; baseline -0.004 -10"><span class='ocrx_word' id='word_1_811' title='bbox 2186 5321 2458 5373; x_wconf 80' lang='lat' dir='ltr'><strong>mercedem</strong></span> <span class='ocrx_word' id='word_1_812' title='bbox 2486 5335 2628 5370; x_wconf 80' lang='lat' dir='ltr'><strong>suam</strong></span> <span class='ocrx_word' id='word_1_813' title='bbox 2660 5316 2869 5382; x_wconf 74' lang='lat' dir='ltr'><strong>(Matth.</strong></span> <span class='ocrx_word' id='word_1_814' title='bbox 2902 5323 2974 5376; x_wconf 79' lang='lat' dir='ltr'><strong>Vl)</strong></span> <span class='ocrx_word' id='word_1_815' title='bbox 2994 5330 3006 5362; x_wconf 90' lang='lat'><strong>:</strong></span> <span class='ocrx_word' id='word_1_816' title='bbox 3028 5311 3120 5364; x_wconf 80' lang='lat' dir='ltr'><strong>sed</strong></span> <span class='ocrx_word' id='word_1_817' title='bbox 3152 5310 3204 5362; x_wconf 89' lang='lat' dir='ltr'><strong>in</strong></span> <span class='ocrx_word' id='word_1_818' title='bbox 3235 5311 3310 5362; x_wconf 85' lang='lat' dir='ltr'><strong>eis</strong></span> <span class='ocrx_word' id='word_1_819' title='bbox 3343 5313 3520 5376; x_wconf 70' lang='lat' dir='ltr'><strong>potius</strong></span> <span class='ocrx_word' id='word_1_820' title='bbox 3548 5307 3719 5366; x_wconf 80' lang='lat' dir='ltr'><strong>interni</strong></span> 
     </span>
    </p>
   </div>
   <div class='ocr_carea' id='block_1_116' title="bbox 2188 5405 3720 5478">
    <p class='ocr_par' dir='ltr' id='par_1_116' title="bbox 2188 5405 3720 5478">
     <span class='ocr_line' id='line_1_116' title="bbox 2188 5405 3720 5478; baseline -0.008 -11"><span class='ocrx_word' id='word_1_821' title='bbox 2188 5414 2372 5467; x_wconf 82' lang='lat' dir='ltr'><strong>arbitri</strong></span> <span class='ocrx_word' id='word_1_822' title='bbox 2408 5414 2588 5466; x_wconf 85' lang='lat' dir='ltr'><strong>oculos</strong></span> <span class='ocrx_word' id='word_1_823' title='bbox 2631 5421 2684 5465; x_wconf 83' lang='lat' dir='ltr'><strong>et</strong></span> <span class='ocrx_word' id='word_1_824' title='bbox 2713 5410 2927 5478; x_wconf 64' lang='lat' dir='ltr'><strong>prattnia</strong></span> <span class='ocrx_word' id='word_1_825' title='bbox 2956 5408 3225 5476; x_wconf 87' lang='lat' dir='ltr'><strong>requirant</strong></span> <span class='ocrx_word' id='word_1_826' title='bbox 3254 5417 3473 5459; x_wconf 77' lang='lat' dir='ltr'><strong>:rterna.</strong></span> <span class='ocrx_word' id='word_1_827' title='bbox 3508 5405 3666 5462; x_wconf 79' lang='lat' dir='ltr'><strong>Unde</strong></span> <span class='ocrx_word' id='word_1_828' title='bbox 3685 5413 3720 5458; x_wconf 86' lang='lat' dir='ltr'><strong>et</strong></span> 
     </span>
    </p>
   </div>
   <div class='ocr_carea' id='block_1_117' title="bbox 2191 5493 3716 5574">
    <p class='ocr_par' dir='ltr' id='par_1_117' title="bbox 2191 5493 3716 5574">
     <span class='ocr_line' id='line_1_117' title="bbox 2191 5493 3716 5574; baseline -0.009 -15"><span class='ocrx_word' id='word_1_829' title='bbox 2191 5505 2259 5559; x_wconf 93' lang='lat' dir='ltr'><strong>ibi</strong></span> <span class='ocrx_word' id='word_1_830' title='bbox 2293 5504 2528 5574; x_wconf 89' lang='lat' dir='ltr'><strong>protinus</strong></span> <span class='ocrx_word' id='word_1_831' title='bbox 2557 5500 2868 5571; x_wconf 87' lang='lat' dir='ltr'><strong>exponendo</strong></span> <span class='ocrx_word' id='word_1_832' title='bbox 2897 5496 3248 5566; x_wconf 71' lang='lat' dir='ltr'><strong>subjungitur.</strong></span> <span class='ocrx_word' id='word_1_833' title='bbox 3284 5496 3426 5561; x_wconf 84' lang='lat' dir='ltr'><strong>Quas</strong></span> <span class='ocrx_word' id='word_1_834' title='bbox 3449 5510 3574 5550; x_wconf 84' lang='lat' dir='ltr'><strong>cum</strong></span> <span class='ocrx_word' id='word_1_835' title='bbox 3599 5493 3716 5548; x_wconf 53' lang='lat' dir='ltr'><strong>viale-</strong></span> 
     </span>
    </p>
   </div>
   <div class='ocr_carea' id='block_1_118' title="bbox 2193 5583 3721 5654">
    <p class='ocr_par' dir='ltr' id='par_1_118' title="bbox 2193 5583 3721 5654">
     <span class='ocr_line' id='line_1_118' title="bbox 2193 5583 3721 5654; baseline -0.011 -6"><span class='ocrx_word' id='word_1_836' title='bbox 2193 5599 2316 5654; x_wconf 85' lang='lat' dir='ltr'><strong>rint,</strong></span> <span class='ocrx_word' id='word_1_837' title='bbox 2368 5594 2703 5646; x_wconf 75' lang='lat' dir='ltr'><strong>tceordentur</strong></span> <span class='ocrx_word' id='word_1_838' title='bbox 2748 5590 2982 5644; x_wconf 90' lang='lat' dir='ltr'><strong>omnium</strong></span> <span class='ocrx_word' id='word_1_839' title='bbox 3019 5586 3388 5638; x_wconf 66' lang='lat' dir='ltr'><strong>manda&#39;orum</strong></span> <span class='ocrx_word' id='word_1_840' title='bbox 3421 5583 3721 5646; x_wconf 58' lang='lat' dir='ltr'><strong>Danubii,“</strong></span> 
     </span>
    </p>
   </div>
   <div class='ocr_carea' id='block_1_119' title="bbox 2192 5675 3721 5751">
    <p class='ocr_par' dir='ltr' id='par_1_119' title="bbox 2192 5675 3721 5751">
     <span class='ocr_line' id='line_1_119' title="bbox 2192 5675 3721 5751; baseline -0.009 -15"><span class='ocrx_word' id='word_1_841' title='bbox 2192 5691 2479 5750; x_wconf 86' lang='lat' dir='ltr'><strong>sequantur</strong></span> <span class='ocrx_word' id='word_1_842' title='bbox 2509 5683 2850 5751; x_wconf 81' lang='lat' dir='ltr'><strong>cogitationes</strong></span> <span class='ocrx_word' id='word_1_843' title='bbox 2880 5693 3001 5734; x_wconf 76' lang='lat' dir='ltr'><strong>suas</strong></span> <span class='ocrx_word' id='word_1_844' title='bbox 3028 5683 3083 5728; x_wconf 90' lang='lat' dir='ltr'><strong>et</strong></span> <span class='ocrx_word' id='word_1_845' title='bbox 3109 5676 3306 5727; x_wconf 75' lang='lat' dir='ltr'><strong>oculos</strong></span> <span class='ocrx_word' id='word_1_846' title='bbox 3344 5689 3438 5743; x_wconf 86' lang='lat' dir='ltr'><strong>per</strong></span> <span class='ocrx_word' id='word_1_847' title='bbox 3463 5687 3554 5727; x_wconf 77' lang='lat' dir='ltr'><strong>res</strong></span> <span class='ocrx_word' id='word_1_848' title='bbox 3579 5675 3721 5725; x_wconf 61' lang='lat' dir='ltr'><strong>variat</strong></span> 
     </span>
    </p>
   </div>
   <div class='ocr_carea' id='block_1_120' title="bbox 2193 5759 3723 5838">
    <p class='ocr_par' dir='ltr' id='par_1_120' title="bbox 2193 5759 3723 5838">
     <span class='ocr_line' id='line_1_120' title="bbox 2193 5759 3723 5838; baseline -0.008 -12"><span class='ocrx_word' id='word_1_849' title='bbox 2193 5771 2533 5828; x_wconf 84' lang='lat' dir='ltr'><strong>fornicantos.</strong></span> <span class='ocrx_word' id='word_1_850' title='bbox 2585 5772 2784 5838; x_wconf 81' lang='lat' dir='ltr'><strong>Quibus</strong></span> <span class='ocrx_word' id='word_1_851' title='bbox 2815 5766 2988 5825; x_wconf 85' lang='lat' dir='ltr'><strong>verbis</strong></span> <span class='ocrx_word' id='word_1_852' title='bbox 3019 5779 3064 5820; x_wconf 83' lang='lat' dir='ltr'><strong>et</strong></span> <span class='ocrx_word' id='word_1_853' title='bbox 3103 5765 3252 5820; x_wconf 81' lang='lat' dir='ltr'><strong>nobis</strong></span> <span class='ocrx_word' id='word_1_854' title='bbox 3302 5764 3559 5819; x_wconf 76' lang='lat' dir='ltr'><strong>utendum</strong></span> <span class='ocrx_word' id='word_1_855' title='bbox 3585 5759 3723 5819; x_wconf 76' lang='lat' dir='ltr'><strong>estin</strong></span> 
     </span>
    </p>
   </div>
  </div>
