3898 6260
181 428 278 482 ιες
343 456 350 461 ε

1059 430 1143 485 DE
1179 424 1674 486 TABERNACULO
1710 426 1796 484 ET
1835 422 2026 483 YASlS
2064 424 2227 483 EJUS
2268 422 2397 480 LIB.
2441 423 2504 478 ll.

3243 474 3251 483 .
3272 423 3378 482 450

170 541 472 598 ansularum
516 541 972 613 ltyacintltinarunt
1003 543 1367 613 expositione,
1401 552 1457 596 ttt
1485 542 1720 597 dicamus
1751 535 2310 607 AQuinquagenarius
2360 549 2488 604 ergo
2544 548 2796 590 numerus
2851 550 3030 591 veram
3078 537 3130 591 in
3179 537 3374 606 Spiritu

171 634 370 687 idcirco
395 634 628 690 cortinas
661 635 962 702 ltujnsmodi
991 635 1189 688 ansulis
1234 649 1353 690 esse
1394 632 1723 703 conjunctas,

173 731 302 776 utet
327 721 418 778 lilii
443 721 598 778 Israel
627 734 750 778 tunc
780 725 878 777 ista
905 738 1010 792 pra:
1039 723 1209 778 oculis
1238 723 1510 786 habentes,
1541 722 1722 776 admo-

173 822 422 868 nerentur
452 814 818 868 mandatorum
849 814 1164 880 ccelestimn,
1199 826 1251 868 et
1282 829 1378 867 nos
1423 814 1580 867 modo
1625 815 1722 867 ista

171 901 424 972 legentes,
472 905 890 966 meminerimus,
935 906 1072 973 quod
1116 907 1164 958 in
1207 909 1302 958 hac
1344 908 1442 958 vita
1476 898 1723 974 degentes

170 998 260 1050 lilii
292 998 656 1066 promissionis
687 1011 920 1061 :eternzn,
954 1008 1006 1051 et
1035 1001 1356 1065 temporibus
1398 999 1463 1051 ab
1494 1000 1721 1052 invicem

165 1085 462 1141 dirimimur
512 1099 565 1142 et
611 1089 739 1141 locis
770 1107 783 1140 :
817 1090 906 1141 sed
949 1090 996 1140 in
1047 1090 1196 1143 caslis
1245 1099 1326 1141 est
1373 1091 1557 1152 patria.
1604 1103 1722 1156 qua)

164 1190 292 1231 suos
321 1177 461 1232 cives
490 1192 518 1230 a
550 1191 770 1246 quatuor
803 1179 989 1233 ventis
1017 1181 1134 1233 coeli
1190 1181 1438 1232 cotleuos
1490 1177 1722 1231 indivisi-

165 1266 258 1320 bili
286 1267 337 1320 itt
367 1278 673 1336 perpetuum
707 1270 961 1323 societate
987 1270 1288 1339 conjungat.

238 1357 624 1427 Quinquagenas
649 1361 853 1412 ansulzts
880 1363 1071 1413 cortina
1096 1360 1316 1420 habebit,
1336 1370 1443 1413 ctc.
1476 1359 1718 1426 Legimus

161 1447 650 1518 quinquagesimum
701 1465 896 1503 annum
942 1452 990 1503 itt
1040 1451 1153 1519 lege
1204 1452 1476 1516 jubilzctun
1531 1449 1716 1520 (Lerit.

167 1538 317 1609 xxv),
366 1539 466 1593 boc
512 1549 593 1593 est
641 1540 994 1595 dimittentent
1042 1542 1154 1594 sive
1201 1540 1465 1594 initiatum
1518 1542 1720 1608 jus-smn

78 1640 86 1646 '
157 1637 283 1678 esse
308 1624 501 1687 vocari,
533 1624 584 1677 in
608 1640 710 1692 quo
729 1627 902 1678 omnis
925 1626 1144 1694 populus
1167 1625 1234 1678 ab
1257 1627 1506 1680 universo
1531 1627 1713 1680 labore

157 1722 314 1767 terra:
343 1712 658 1782 quiesceret,
689 1725 740 1768 et
766 1717 996 1768 omnium
1028 1715 1205 1769 debita
1235 1716 1366 1769 solvi
1419 1716 1702 1771 deberent.

160 1805 226 1858 Et
275 1806 328 1858 iu
377 1804 522 1859 Novo
567 1805 912 1861 Testamento
965 1807 1162 1861 scimus
1218 1807 1436 1876 gratiam
1489 1809 1717 1876 Spiritus

1824 637 2005 682 sancto
2035 626 2266 696 regimen
2295 626 2564 694 designat;
2599 634 2654 679 et
2684 628 2802 694 quia
2850 628 3079 682 circulus
3127 644 3224 683 nec
3273 631 3378 684 iui-

1825 717 1951 769 tium
1999 717 2226 780 videtur,
2279 730 2375 769 nec
2426 715 2618 770 habere
2668 717 2970 784 terminum,
3017 730 3205 772 aurum
3247 735 3378 774 vero

1825 823 1930 874 prae
1955 807 2037 860 sui
2062 807 2298 860 claritate
2322 809 2526 860 creteris
2552 815 2632 862 est
2661 809 2940 876 pretiosius
2968 811 3210 865 metallis.
3239 811 3374 878 Quid

1825 899 1874 950 in
1901 899 2277 966 quinquaginta
2309 899 2517 953 circulis
2540 900 2733 963 aureis,
2765 901 2857 954 nisi
2887 911 3135 968 perpetua
3165 902 3376 957 claritas

1821 995 1875 1037 et
1927 986 2067 1038 clara
2126 988 2447 1054 perpetuitas
2502 1001 2721 1040 summa:
2777 989 2970 1056 quietis
3022 992 3374 1057 exprimitur?

1823 1077 2172 1143 Mordentque
2210 1078 2529 1130 cortinarum
2569 1094 2724 1132 ansas
2760 1081 2962 1145 circuli,
3004 1091 3060 1134 ut
3099 1097 3257 1135 unum
3300 1097 3368 1136 ex

1821 1172 2064 1222 omnibus
2092 1168 2481 1222 tabernaculum
2514 1169 2619 1233 liat,
2647 1185 2764 1224 cum
2791 1173 3006 1240 superni
3036 1173 3196 1241 gloria
3223 1173 3374 1241 regni

1823 1260 1967 1326 puris
1985 1258 2226 1329 fidelium
2254 1261 2514 1312 mentibus
2536 1274 2653 1313 sese
2676 1260 2745 1314 ita
2779 1262 3026 1327 ittfundit,
3056 1271 3109 1314 ut
3135 1260 3224 1315 tali
3252 1264 3371 1330 glu-

1824 1353 1930 1404 tine
1960 1352 2240 1404 salutifera:
2272 1351 2650 1419 inspirationis,
2676 1368 2775 1405 una
2808 1368 2871 1406 ex
2904 1362 3125 1421 utroque
3155 1355 3370 1421 populo,

1822 1441 1928 1494 ittto
1956 1456 2019 1495 ex
2056 1442 2296 1495 omnibus
2319 1440 2496 1495 electis
2526 1441 2718 1495 Christi
2748 1439 2977 1496 Ecclesia
3009 1443 3332 1512 perficiatur;

2428 1533 2650 1588 CAPUT
2681 1533 2762 1587 ΙΙΙ.

2389 1624 2528 1693 Saga
2557 1627 2808 1679 undecim.

1895 1716 2071 1771 Facies
2101 1729 2146 1771 et
2175 1734 2296 1788 saga
2326 1719 2527 1771 cilicina
2554 1719 2804 1783 undecim,
2835 1727 2936 1773 etc.
2981 1718 3074 1772 Hic
3122 1719 3264 1771 locus
3313 1717 3367 1771 in

1821 1809 2159 1876 sequentibus
2203 1810 2270 1861 ita
2301 1809 2594 1873 repetitur:
2624 1808 2764 1861 Fecit
2794 1819 2838 1861 et
2873 1825 2996 1878 saga
3033 1809 3266 1863 undecim
3306 1809 3370 1863 de

154 1893 326 1947 sancti
357 1895 685 1959 Pentecoste,
727 1898 823 1949 hoc
850 1906 931 1950 est
960 1897 1395 1965 quinquagesima
1429 1898 1713 1952 Dominiem
1756 1881 1798 1938 Β
1827 1900 1942 1967 pilis
1985 1916 2255 1967 caprarum
2301 1899 2368 1952 ad
2410 1900 2734 1970 operiendam
2799 1909 2982 1953 tectum
3035 1900 3367 1955 tabernaculi.

157 1985 565 2038 resurrectionis
621 1986 671 2037 in
721 1987 988 2053 apostolos
1035 1988 1403 2052 supervenisse
1455 1989 1589 2057 (Act.
1636 1988 1716 2053 tt),

153 2084 318 2142 atque
348 2075 495 2128 initia
529 2077 798 2131 nascentis
827 2077 1076 2132 Ecclesia:
1105 2092 1202 2131 suo
1246 2085 1583 2134 congecrasse
1627 2080 1721 2132 ad-

158 2173 350 2223 ventu.
385 2168 538 2223 Unde
562 2177 773 2224 constat
801 2186 864 2225 eo
895 2188 1136 2240 numero,
1167 2173 1245 2226 vel
1282 2174 1500 2240 graziam
1552 2173 1718 2229 sancti

158 2259 413 2328 Spiritus,
447 2263 527 2316 vel
573 2261 760 2316 futurte
792 2263 1034 2334 gaudium
1068 2265 1301 2318 beatitud
1326 2265 1426 2327 nis,
1459 2265 1523 2318 ad
1559 2280 1713 2332 quam

151 2365 250 2417 per
277 2350 510 2418 ejusdem
546 2352 772 2420 Spiritus
803 2354 998 2405 donum
1032 2355 1353 2421 pervenitur,
1386 2363 1437 2406 et
1480 2354 1529 2406 in
1561 2353 1714 2421 cujus

151 2438 492 2505 perceptione
535 2441 647 2494 sola
688 2441 943 2494 veraciter
991 2440 1336 2510 reqttiescitur
1382 2452 1540 2510 atque
1588 2458 1715 2510 gau-

149 2526 330 2594 detur,
370 2537 515 2583 recte
564 2543 717 2597 posse
758 2530 990 2600 figurari.
1049 2531 1111 2583 Et
1154 2540 1276 2598 apte
1323 2531 1714 2602 quinquagenas

150 2631 313 2670 ansas
336 2617 596 2681 habebant
615 2620 851 2683 cortinae,
876 2621 1068 2688 quibus
1089 2620 1310 2675 invictam
1336 2632 1709 2685 nectercnzur;

145 2707 272 2776 quia
296 2723 397 2761 non
424 2708 521 2762 nisi
547 2709 685 2762 dono
710 2714 872 2764 Sancti
900 2710 1126 2778 Spiritus
1147 2711 1339 2779 agitur,
1371 2720 1426 2763 ιιι
1455 2713 1504 2765 in
1537 2715 1714 2766 Socie-

148 2805 262 2849 tate
304 2798 467 2864 pacis,
501 2798 640 2867 quod
669 2812 750 2852 est
781 2800 1044 2853 vinculum
1094 2801 1449 2867 perfectionis,
1498 2802 1710 2857 sibimet

145 2886 375 2941 invicem
425 2886 742 2955 copulentur
786 2889 936 2941 electi
981 2905 994 2940 :
1031 2904 1132 2940 non
1178 2889 1277 2941 alia
1325 2906 1480 2958 quam
1533 2889 1709 2945 futura

145 2989 273 3042 spes
299 2990 361 3030 ac
387 2977 640 3030 memoria
669 2979 937 3030 societatis
959 2982 1028 3029 ac
1059 2979 1198 3045 pacis
1229 2994 1344 3047 qua:
1372 2979 1628 3033 discretos
1657 2981 1708 3035 itt

145 3066 251 3121 bac
281 3067 382 3120 vita
414 3067 742 3135 temporibus
772 3069 882 3120 sive
916 3068 1041 3120 locis
1089 3067 1284 3122 Clit-isti
1332 3069 1558 3124 famulos
1604 3087 1706 3124 una

145 3155 278 3210 facit
304 3159 496 3227 pietate
525 3158 841 3212 Concordes.
894 3157 1038 3212 Bene
1083 3161 1242 3212 etiam
1297 3159 1511 3225 dicitur,
1567 3163 1704 3230 quod

1821 1993 1955 2057 Saga
1985 2004 2132 2058 etgo,
2164 1989 2354 2059 quibus
2395 1989 2630 2056 Operitur
2677 1991 3090 2055 tabernaculum,
3139 2001 3373 2046 rectores

1821 2088 1944 2132 sunt
1986 2078 2232 2133 Ecclesiae
2267 2087 2489 2144 sancta,
2540 2094 2760 2148 quorum
2809 2079 3060 2134 industria
3086 2095 3147 2134 ac
3195 2080 3376 2135 labore

1819 2170 1980 2225 decus
2007 2171 2241 2238 ejusdem
2290 2172 2540 2226 Ecclesia:
2583 2173 2894 2240 protegitur,
2940 2182 3096 2241 atque
3140 2173 3374 2227 incessa-

1819 2261 1907 2316 bili
1953 2277 2076 2316 cura
2135 2263 2386 2326 munitur,
2430 2277 2499 2316 ne
2546 2263 2790 2318 videlicet
2832 2268 2935 2316 vita
2985 2265 3219 2332 fidesque
3262 2265 3374 2318 ele-

1818 2362 2021 2407 ctorum
2056 2354 2302 2408 hmretica
2350 2354 2661 2409 seducti-tne
2687 2356 2980 2422 corrumpi,
3012 2372 3077 2408 tte
3121 2355 3369 2408 falsorum

1815 2446 2192 2500 catholicorum
2238 2446 2569 2515 improbitate
2600 2446 2805 2506 foedari,
2839 2462 2904 2500 ne
2942 2446 3254 2501 tentantitnn
3287 2447 3370 2500 vi-

1819 2538 2007 2591 tiorum
2037 2537 2192 2592 sorde
2218 2537 2538 2597 attaminari.
2589 2546 2655 2592 ne
2694 2538 3056 2604 temporalium
3100 2537 3366 2591 subsidio-

1817 2641 1931 2680 rutn
1959 2627 2131 2696 inopia
2160 2628 2323 2696 possit
2350 2627 2415 2681 ad
2447 2625 2711 2681 tristitiam
2737 2627 2943 2681 deduci.
2975 2625 3071 2692 Qui
3094 2636 3288 2695 quanto
3309 2641 3369 2681 so

1814 2719 2062 2774 attentius
2091 2719 2155 2773 ad
2183 2719 2519 2774 sustinendos
2546 2733 2661 2773 szve
2691 2718 3017 2789 repellendas
3060 2719 3368 2773 irruentium

1816 2812 2159 2864 tetttationutu
2213 2809 2487 2865 violentias
2537 2809 2840 2878 accingunt,
2874 2819 3017 2863 tanto
3059 2810 3366 2877 ampliorem

1813 2900 2032 2954 subditis
2081 2901 2306 2954 Domino
2347 2901 2609 2954 serviendi
2660 2901 2952 2953 libertatem
3002 2901 3267 2960 tribuunt;
3314 2909 3370 2955 et

1811 2989 1958 3057 quasi
1991 2989 2126 3042 intus
2156 2988 2382 3057 fulgendi
2411 2991 2615 3058 copiam
2657 2989 2872 3042 cortinis
2923 2996 3191 3055 praesunt,
3242 2988 3368 3043 dum

1813 3076 1979 3129 instar
2027 3091 2269 3144 sagorum
2324 3078 2422 3143 ipsi
2477 3078 2603 3132 foris
2650 3086 2987 3144 tempestates
3028 3076 3372 3134 aftlictiouum

1815 3167 2056 3222 tolerant.
2093 3167 2251 3221 Recte
2277 3177 2451 3222 autem
2479 3169 2663 3221 eadem
2691 3182 2814 3238 saga
2845 3178 2898 3223 et
2921 3167 3123 3224 cilieina
3155 3169 3221 3224 de
3253 3169 3370 3237 pilis

145 3251 548 3304 ausascortina:
574 3249 625 3302 itt
652 3258 873 3319 utraque
901 3259 1044 3317 parte
1069 3250 1347 3315 haberent,
1379 3262 1432 3306 ut
1462 3252 1706 3308 videlicet
1733 3235 1776 3295 (ἶ
1810 3272 2111 3324 caprarum,
2141 3267 2195 3311 et
2224 3258 2465 3315 undecim
2518 3259 2654 3313 facta
2703 3235 2821 3314 esse
2863 3260 3193 3326 referantur;
3246 3235 3368 3330 quia

145 3340 412 3410 proximas
440 3340 538 3394 sibi
586 3355 650 3393 ex
697 3349 920 3409 utroque
983 3342 1147 3395 latere
1188 3345 1442 3404 cortinas,
1489 3340 1709 3413 singula:

143 3441 371 3500 quasque
391 3435 627 3493 cortiuze,
656 3431 800 3497 quasi
824 3434 1060 3485 extensis
1087 3432 1207 3485 hinc
1234 3442 1287 3486 et
1311 3433 1430 3487 inde
1460 3433 1704 3502 brachiis,

141 3522 610 3590 amplecterentur.
637 3524 768 3587 Quia
792 3522 1039 3577 nimirum
1072 3541 1288 3579 necesse
1314 3536 1414 3587 est,
1443 3535 1499 3578 ut
1524 3541 1707 3579 omnes

143 3610 355 3673 fideles,
387 3619 439 3664 et
461 3625 558 3663 eos
589 3610 838 3664 videlicet
861 3614 950 3679 qui
985 3627 1078 3664 nos
1101 3614 1151 3665 itt
1183 3611 1394 3666 Christo
1422 3627 1706 3678 princesse-

143 3709 292 3764 runt,
321 3706 374 3753 et
400 3714 494 3755 eos
522 3701 608 3768 qui
641 3702 806 3754 secuti
839 3710 982 3767 sunt,
1016 3703 1182 3754 obviis
1223 3703 1446 3754 sincera:
1495 3703 1703 3769 pietatis

142 3793 288 3847 ulnis
319 3793 733 3860 amplectamur;
762 3804 815 3845 et
845 3794 962 3846 illos
1011 3792 1096 3860 qui
1147 3808 1242 3845 nos
1292 3793 1602 3847 erudiebant
1651 3794 1704 3848 in

140 3884 381 3948 Christo,
425 3895 477 3938 et
516 3898 649 3951 quos
689 3884 784 3951 ipsi
824 3883 1035 3939 Christo
1084 3884 1312 3939 donante
1359 3885 1703 3951 erudivimus,

139 3990 254 4030 uno
284 3989 467 4029 omnes
498 3977 546 4028 in
577 3974 786 4030 Christo
817 3992 1131 4031 veneremur
1169 3977 1378 4032 allecto.
1428 3977 1516 4032 Sic
1565 3981 1703 4032 enim

139 4078 356 4136 oportet
406 4082 502 4121 nos
549 4068 613 4121 ad
662 4068 940 4123 videndam
992 4070 1176 4123 faciem
1228 4072 1390 4124 nostri
1439 4070 1706 4124 Creatoris

141 4162 287 4216 bene
333 4161 560 4214 vivendo
621 4175 933 4228 properare,
967 4171 1020 4214 ut
1077 4169 1375 4214 currentem
1433 4161 1702 4214 nobiscum

143 4263 484 4318 nequaquam
512 4249 820 4303 deseramus
853 4250 1170 4317 proximum,
1202 4250 1292 4303 sed
1324 4265 1422 4302 una
1451 4263 1567 4301 cum
1591 4247 1705 4312 ipso

141 4349 275 4392 ante
319 4349 660 4410 conspectum
712 4338 900 4391 divina!
946 4339 1124 4406 gloriae
1172 4340 1446 4406 pervenire
1490 4338 1703 4390 studea-

142 4442 272 4482 mus
309 4444 321 4479 :
363 4429 480 4494 quia
534 4435 587 4480 et
633 4429 850 4480 cortina:
886 4429 1105 4495 singulae
1148 4429 1217 4481 ita
1255 4444 1347 4498 per
1386 4427 1703 4484 adminicula

141 4519 444 4572 tabularum
475 4517 537 4569 ad
562 4518 834 4585 superiora
860 4519 1164 4582 tendebant,
1195 4519 1262 4571 ita
1295 4521 1435 4571 intus
1464 4519 1515 4572 in
1550 4534 1703 4588 supe-

1811 3347 2054 3400 nintirum
2099 3347 2264 3400 sancti
2295 3347 2684 3414 prtcdicato‘res,
2738 3361 2842 3416 quo
2888 3349 3104 3404 altiores
3151 3350 3362 3412 metito,

1808 3453 1874 3490 eo
1914 3437 2220 3489 humiliores
2259 3450 2377 3489 esse
2427 3437 2621 3488 debent
2664 3436 2860 3500 animo,
2906 3438 3052 3504 juxta
3097 3439 3224 3492 illud
3268 3441 3369 3494 viri

1807 3527 2065 3592 sapientis
2101 3538 2112 3574 :
2147 3525 2343 3588 Quanto
2385 3537 2593 3592 magnas
2621 3540 2692 3588 es,
2724 3524 2933 3577 humilia
2972 3535 3019 3578 te
3048 3527 3104 3578 in
3140 3527 3370 3580 omnibus

1806 3617 1998 3688 (Eccle.
2030 3618 2127 3687 tu).
2165 3617 2411 3672 Undecim
2437 3616 2646 3686 quippe,
2671 3617 2755 3684 qui
2778 3618 3047 3669 denarium
3074 3629 3367 3682 transeunt,

1808 3697 1978 3776 neque
2007 3709 2070 3760 ad
2101 3707 2502 3774 duodenariutn,
2537 3707 2634 3760 hoc
2662 3715 2741 3760 est
2784 3709 3124 3774 apottolicuzu
3176 3724 3358 3760 littlttC‘

1808 3813 1923 3852 rum
1939 3803 2272 3869 perveniunt,
2292 3798 2758 3866 transgressionem
2786 3795 3019 3864 decalogi
3049 3798 3175 3865 legis
3202 3797 3364 3865 signi-

1807 3876 1985 3944 ficant.
2031 3889 2096 3943 Et
2142 3890 2193 3942 in
2243 3886 2522 3942 undecimo
2569 3889 2769 3954 psalmo
2817 3886 3072 3955 Pmplteta
3101 3885 3361 3940 defecisse

1807 3988 2038 4042 sanctos,
2065 3989 2120 4032 et
2157 3978 2292 4032 filios
2332 3978 2600 4032 hominum
2647 3978 2888 4030 veritates
2938 3978 3253 4030 vanitatibus
3299 3992 3361 4028 ac

1807 4071 1941 4121 dolis
1971 4078 2204 4121 mutasse
2229 4067 2484 4135 queritur,
2515 4067 2695 4120 dicens
2729 4083 2740 4118 :
2775 4066 2980 4120 Salvum
3009 4082 3086 4117 me
3115 4069 3216 4134 fac,
3251 4065 3361 4118 θο-

1807 4158 1959 4221 mine,
2003 4157 2239 4224 quoniam
2275 4158 2456 4225 defecit
2493 4165 2713 4222 sanctus,
2757 4167 2881 4223 etc,
2925 4156 3097 4209 etiam
3123 4159 3222 4210 hoc
3263 4170 3363 4210 utt-

1806 4263 1955 4303 mero
2002 4249 2158 4302 tacite
2212 4248 2513 4317 designans,
2569 4248 2706 4316 quod
2763 4247 3057 4315 huiusmodi
3119 4249 3362 4324 homines

1805 4339 2027 4407 duplicis
2076 4339 2263 4409 lingua
2312 4347 2366 4392 et
2410 4337 2611 4402 cordis,
2661 4348 2828 4405 neque
2883 4339 3065 4406 legalia
3123 4337 3360 4408 decalogi

1808 4441 2068 4500 prtecepta
2115 4429 2433 4494 custodiant,
2486 4446 2655 4498 neque
2704 4430 3043 4497 apostolicam
3090 4429 3362 4501 Evangelii

1811 4518 2080 4588 percipere
2105 4519 2325 4587 gratiam
2359 4517 2581 4587 possint.
2613 4517 2888 4571 Cilicinum
2915 4534 3123 4588 quoque
3155 4520 3362 4574 habitus

140 4607 379 4662 rinribus
418 4613 618 4661 variato
660 4622 770 4660 sum
818 4610 1030 4676 picturas
1078 4610 1204 4662 flore
1251 4607 1598 4677 refulgebant,
1649 4619 1703 4662 ut
1735 4607 2173 4677 meniteutiunt
2223 4615 2325 4671 est,
2379 4607 2646 4675 psalmista
2706 4616 2858 4667 teste,
2909 4607 2994 4675 qui
3046 4609 3215 4661 dicit:
3253 4607 3365 4677 Ego

143 4712 480 4766 nequaquam
533 4710 629 4752 eas
679 4715 794 4766 quae
832 4715 1009 4754 secum
1064 4701 1256 4767 pariter
1306 4700 1390 4753 vel
1443 4702 1492 4752 itt
1542 4701 1705 4754 altum

143 4788 479 4853 ferebantur,
529 4789 608 4843 vel
660 4789 711 4841 in
750 4790 861 4844 allo
905 4789 1087 4858 posita:
1141 4790 1430 4859 fulgebant,
1479 4793 1708 4844 cortinas

142 4881 459 4935 desererent
488 4898 501 4933 :
533 4895 750 4948 quarunt
784 4881 950 4934 instar
978 4896 1074 4935 nos
1100 4881 1252 4936 decet
1279 4893 1331 4936 et
1364 4883 1705 4949 proficientes

145 4969 426 5026 uobiscum
454 4967 506 5023 itt
538 4969 626 5024 Dei
655 4971 869 5024 servitio
898 4971 1080 5025 fideles
1103 4974 1316 5026 munitis
1343 4973 1708 5040 exemplisque

140 5063 358 5133 iuvare,
390 5071 444 5116 et
469 5063 522 5116 in
553 5069 860 5132 quacunque
893 5062 1082 5116 virtute
1130 5063 1390 5130 prolicere
1423 5065 1706 5131 potuimus,

144 5150 398 5206 similiter
423 5151 658 5221 ejusdem
689 5153 894 5206 virtutis
918 5161 1197 5208 consortes
1223 5154 1383 5222 dfgna
1432 5157 1708 5210 virtutibus

147 5243 496 5299 veneratione
519 5253 761 5300 tractare.
795 5247 934 5298 Ausa
961 5260 1086 5314 ergo
1112 5255 1295 5300 contra
1322 5259 1505 5301 ausam
1541 5250 1706 5313 venit,

149 5336 212 5383 ut
242 5330 405 5382 altera
435 5331 584 5387 alteri
615 5336 776 5402 possit
805 5335 990 5401 aptari,
1024 5350 1144 5388 cum
1187 5335 1316 5402 justi
1371 5336 1434 5389 ad
1482 5338 1703 5391 invicem

146 5419 403 5476 nocteordi
431 5435 492 5475 ac
525 5424 670 5489 parili
699 5423 948 5478 vittututn
979 5424 1227 5490 qualitate
1260 5425 1608 5480 foederantur.

225 5507 406 5565 Facies
449 5524 495 5566 et
540 5518 899 5588 quinquaginta
948 5515 1161 5567 circulos
1204 5530 1404 5584 aureos,
1457 5529 1561 5573 etc.
1614 5517 1706 5571 llic

151 5603 306 5656 lactis
345 5599 394 5655 lu
443 5611 785 5674 sequentibus
830 5607 1033 5676 plenius
1085 5605 1398 5674 explicatur,
1452 5622 1570 5662 cum
1630 5610 1712 5663 di-

149 5695 296 5748 citur
320 5711 330 5745 ε
359 5693 422 5747 Et
446 5697 810 5766 quinquaginta
835 5699 968 5765 [adit
997 5698 1205 5749 circulos
1231 5706 1430 5762 aureos,
1459 5685 1544 5762 qui
1575 5718 1705 5752 mor—

151 5787 330 5840 derent
354 5791 659 5843 cortinarunt
699 5806 872 5857 ausas,
898 5799 943 5843 et
973 5789 1108 5855 ﬁeret
1133 5803 1283 5842 unum
1312 5793 1706 5850 tabernaculum.

1809 4708 1998 4762 autem,
2030 4698 2149 4748 dum
2178 4697 2300 4748 mihi
2326 4695 2521 4748 molesti
2549 4708 2730 4758 essent,
2776 4698 3044 4750 induebant
3083 4715 3160 4750 tne
3197 4701 3364 4753 cilicio

1810 4787 1980 4860 (Psal.
2014 4787 2216 4855 xxxtv),
2267 4787 2364 4840 boc
2408 4797 2508 4850 est,
2563 4788 2796 4840 habitum
2829 4789 3145 4854 poenitentia:
3175 4800 3228 4845 et
3256 4792 3364 4845 Itu-

1813 4881 2067 4942 militatis,
2117 4893 2219 4947 quo
2270 4878 2497 4931 furorem
2556 4880 2995 4947 persequentium,
3056 4891 3143 4934 aut
3194 4883 3359 4936 levius

1811 4971 2082 5025 sufferreut
2114 4969 2369 5036 placidus,
2401 4979 2490 5020 aut
2517 4970 2676 5021 etiam
2721 4969 3033 5038 mitigarent,
3076 4974 3360 5037 assumpsi.

1815 5063 1943 5117 Nam
1971 5061 2015 5114 si
2041 5074 2211 5128 caprae
2241 5071 2470 5128 semper,
2501 5073 2589 5114 aut
2622 5061 2728 5127 pili,
2754 5062 2864 5128 sive
2892 5061 3054 5129 pelles
3083 5076 3360 5129 caprarum

1817 5151 2055 5206 fmtorem
2096 5151 2446 5218 peccantium,
2475 5162 2527 5204 et
2557 5165 2659 5205 non
2690 5151 2965 5218 aliquoties
3011 5151 3355 5210 humilitatem

1818 5245 2179 5314 paenitentiam
2207 5243 2580 5313 signiﬁcarent,
2612 5249 2932 5312 nequaquam
2964 5243 3134 5310 ipsum
3165 5245 3364 5298 animal

1818 5339 1956 5394 inter
1986 5337 2173 5390 munda
2213 5343 2622 5403 contputaretur,
2676 5347 2843 5402 neque
2870 5336 2921 5388 in
2948 5335 3101 5388 laude
3149 5344 3370 5404 sponsas

1816 5432 2107 5485 diceretur:
2143 5427 2328 5496 Capilli
2369 5429 2440 5480 tui
2467 5427 2590 5480 sicut
2618 5442 2739 5495 grex
2765 5441 3028 5494 caprarum
3061 5425 3229 5494 (Cant.
3266 5433 3361 5494 tv).

1817 5523 1952 5592 Saga
1981 5532 2126 5591 ergo,
2153 5535 2269 5588 qua:
2296 5525 2505 5572 sanctos
2556 5519 2922 5583 prmdicatores
2973 5518 3257 5581 insinuant,
3310 5529 3365 5570 et

1817 5611 2021 5666 ciliciua
2058 5618 2177 5662 sunt
2220 5615 2274 5660 et
2311 5605 2584 5669 undecim;
2634 5607 2754 5673 quia
2786 5619 2888 5670 quo
2936 5606 3220 5659 studiosius
3265 5607 3364 5658 fide

1818 5706 1974 5759 corda
2009 5681 2299 5770 puriﬁcattl,
2331 5713 2394 5753 eo
2415 5697 2562 5767 plura
2607 5698 2656 5750 in
2696 5698 2883 5764 quibus
2929 5699 3130 5765 seipsos
3178 5712 3364 5764 repre-

1823 5795 2069 5860 hendant,
2104 5790 2387 5845 inveniunt.
2427 5786 2577 5843 Unde
2622 5787 2890 5842 humiliter
2939 5789 3196 5842 fatentur:
3233 5786 3369 5851 Quia
