3898 6260
466 417 562 474 ΑΜ

953 413 1151 468 ΒΕΒτΕ
1193 413 1642 471 VENEllABILIS
1677 414 1954 472 OPEBUM

2104 415 2183 473 ns
2219 416 2282 476 ll.
2321 445 2387 482 έ-
2427 417 2810 474 EXEGETICA
2851 405 3170 474 δεδώκει.

3562 419 3660 473 433.

465 529 517 581 in
563 525 730 579 multis
765 523 1062 591 offendimus
1107 538 1273 576 omnes
1302 520 1504 591 (Iacob.
1547 520 1622 592 ut)
1655 540 1666 574 :
1697 531 1749 575 et
1778 520 1841 576 Si
1867 521 2008 576 dixe-
2041 528 2082 583 Α
2113 522 2414 579 lumnasiet
2453 535 2654 579 vectem
2699 525 2767 579 ab
2806 525 2995 594 angulo
3039 525 3331 580 tabularum
3376 540 3547 595 usque
3597 529 3657 580 ad

465 618 643 681 rimus,
693 615 928 684 quoniam
982 622 1235 682 peccatum
1287 631 1389 668 non
1443 613 1707 678 habentne,
1765 615 1866 682 ipsi
1921 630 2010 668 nos

465 708 763 774 seducimus,
814 714 862 760 et
906 708 1083 760 ueritas
1127 706 1181 758 in
1227 704 1369 759 nobis
1404 721 1504 758 non
1532 715 1605 758 est
1637 702 1689 774 (1
1723 703 1881 758 Joan.
1926 705 2008 775 ιι).

467 800 698 864 Quorum
726 805 896 850 tamen
927 796 1081 850 curda
1111 803 1319 863 quantm
1365 796 1471 848 sint
1517 794 1874 862 perfectionis,
1927 810 2012 850 se-

465 889 673 957 quentia
705 888 859 941 verba
891 888 1107 955 mystice
1135 887 1427 947 declarant,
1455 885 1645 953 quibus
1674 885 1863 939 dicitur
1889 902 1903 954 ;

533 979 809 1050 Longitudo
830 981 935 1047 sagi
963 979 1110 1030 unius
1139 976 1359 1039 habebit,
1379 987 1478 1029 etc.
1513 976 1646 1029 Ecce
1675 975 1755 1028 hic
1783 976 2007 1043 longitu-

464 1067 600 1120 dinis
650 1081 754 1121 non
792 1066 1158 1130 undenarium,
1191 1065 1283 1119 sed
1310 1064 1578 1118 dehariutn
1613 1065 1771 1119 habes
1820 1080 2005 1116 nume-

464 1172 612 1222 rutn,
663 1167 717 1211 et
757 1159 896 1210 hunc
935 1157 1090 1209 tertio
1133 1153 1528 1222 multiplicatum
1563 1169 1576 1207 :
1615 1168 1718 1219 quo
1770 1161 2009 1220 patenter

466 1246 762 1311 insinuatur
784 1247 946 1298 virtus
981 1259 1185 1310 eorum,
1213 1245 1301 1312 qui
1329 1244 1631 1312 decalogutn
1663 1243 1791 1311 legis
1822 1245 1872 1295 in
1907 1241 2008 1296 lide

418 1365 420 1367 >
465 1343 658 1388 sancta:
708 1334 1008 1399 Trinitatis,
1056 1350 1172 1404 quin
1215 1349 1305 1403 per
1356 1335 1689 1388 dilectionem
1738 1344 2005 1400 cperatnr,

467 1425 772 1494 perficiunt:
803 1440 902 1494 qua
930 1426 1173 1480 videlicet
1197 1424 1524 1494 perfectione
1554 1427 1603 1478 in
1634 1425 1730 1478 hac
1753 1426 2008 1478 duntaxat

465 1514 568 1567 vita
599 1514 738 1566 nulla
769 1529 889 1569 esse
915 1515 1102 1581 poterit
1129 1514 1419 1567 sublimior.
1452 1514 1621 1568 Habes
1647 1525 1697 1568 et
1719 1515 2006 1569 latitudinis

462 1614 686 1671 quatuor
709 1602 933 1668 cubitus,
963 1617 1066 1672 quo
1103 1603 1494 1672 amplitudinem
1522 1603 1740 1657 sincera:
1766 1603 2002 1658 charitn-

463 1670 550 1757 tia,
580 1691 677 1746 hoc
704 1701 785 1747 est
811 1691 924 1760 ejus
950 1670 1065 1762 qua:
1091 1692 1142 1746 in
1172 1670 1451 1762 Eiangelio
1489 1692 1637 1747 nobis
1683 1708 1774 1760 per
1817 1692 2002 1747 Jesum

462 1780 726 1836 Christum
753 1791 805 1836 et
831 1781 1227 1836 commendatur
1253 1791 1309 1837 et
1344 1783 1519 1849 datur,
1549 1783 1832 1852 signiﬁcari
1863 1799 2000 1853 prte-

2112 613 2357 682 angulum
2411 622 2704 682 protentutn
2753 616 2875 682 poni
2918 625 3234 684 prmuptum
3275 627 3402 670 est:
3437 616 3658 686 ideoque

2111 709 2360 770 quantum
2390 703 2453 758 ad
2483 703 2700 758 formam
2726 705 2902 776 operis
2937 705 3099 774 ipsius
3123 696 3382 774 pertinet,
3396 707 3468 763 ibi
3495 710 3660 778 magis

2111 807 2243 860 Opus
2263 804 2376 846 erat
2403 794 2666 862 geminato
2693 810 2931 864 sagorum
2975 797 3320 863 munimento,
3361 798 3448 851 ubi
3492 797 3659 851 solida

2113 883 2323 949 parietis
2354 882 2574 937 ﬁrmitas
2618 885 2817 938 aberat.
2866 887 2930 938 At
2969 900 3092 940 vero
3121 888 3341 953 mystice
3389 887 3442 940 in
3485 888 3658 942 fronte

2111 975 2230 1023 tecti
2263 979 2466 1024 sextum
2499 987 2679 1041 sagum
2711 970 3024 1040 duplicatur,
3051 987 3168 1026 cum
3196 989 3378 1026 omnes
3414 974 3505 1041 qui
3537 989 3656 1027 san-

2109 1068 2243 1112 ctam
2269 1061 2462 1113 intrant
2489 1063 2797 1126 Ecclesiatn,
2822 1065 2889 1116 ita
2914 1063 3014 1116 lide
3034 1071 3087 1116 et
3106 1063 3453 1119 sacramentis
3481 1064 3656 1118 domi-

2110 1149 2240 1202 nica:
2282 1151 2537 1217 passionis
2563 1150 2850 1217 initiantur,
2877 1161 2932 1206 ut
2966 1154 3015 1207 in
3045 1153 3199 1222 hujus
3234 1170 3444 1222 quoque
3471 1154 3649 1207 imita-

2105 1239 2247 1293 tione
2293 1240 2391 1294 sibi
2421 1256 2628 1310 semper
2656 1256 2774 1297 esse
2822 1243 3092 1298 vivendum
3146 1246 3464 1313 intelligant.
3492 1245 3652 1308 Quasi

2106 1331 2243 1383 cnim
2273 1329 2322 1384 in
2356 1333 2591 1398 ingressu
2617 1335 2898 1388 sanctuarii
2927 1335 3077 1387 nobis
3106 1344 3308 1388 aestum
3346 1349 3528 1402 sagum
3554 1337 3650 1388 duo

2105 1426 2363 1494 plicatur,
2411 1442 2530 1481 eum
2574 1428 2848 1482 dominica:
2896 1429 3150 1497 passionis
3203 1439 3256 1482 et
3307 1429 3652 1483 sacramentis

2103 1533 2486 1579 consecramur,
2518 1530 2572 1572 et
2594 1519 2846 1584 exemplis
2889 1521 3214 1572 instruimur.
3247 1518 3380 1572 Dicit
3424 1535 3654 1586 namque

2104 1609 2170 1663 de
2198 1619 2640 1663 sacramentorum
2677 1613 3008 1675 susceptione
3054 1609 3237 1663 Petrus
3269 1626 3282 1662 :
3319 1609 3416 1675 Qui
3467 1625 3653 1663 secun-

2104 1699 2222 1750 dum
2249 1714 2480 1768 magnam
2523 1701 2912 1752 misericordiam
2953 1716 3046 1753 sua
3065 1717 3094 1751 ιι
3120 1703 3424 1769 regenerueit
3468 1717 3558 1752 nos
3603 1702 3655 1753 in

2105 1801 2239 1854 spent
2267 1787 2423 1838 eiram
2446 1827 2461 1850 ,
2501 1802 2590 1857 per
2614 1788 3020 1840 resurrectionem
3047 1785 3169 1840 Jesu
3196 1786 3382 1840 Christi
3427 1803 3493 1841 es
3521 1804 3652 1838 tuor-

462 1872 706 1928 dlsimus.
735 1873 987 1942 operiunt
1023 1889 1150 1944 ergo
1183 1883 1374 1930 tectum
1406 1875 1726 1930 tabernaculi
1752 1890 1876 1945 saga
1907 1892 1998 1929 un-
2036 1858 2080 1917 Β
2105 1876 2204 1929 tuis
2229 1873 2278 1946 (ι
2306 1873 2445 1930 Petr.
2473 1880 2534 1944 ι).
2563 1876 2696 1930 Dicit
2718 1876 2785 1931 de
2812 1876 3098 1931 imitatione
3138 1877 3438 1944 passionum
3465 1892 3479 1927 :
3507 1875 3652 1929 Chri-

463 1961 651 2025 derim,
680 1971 735 2016 et
760 1963 870 2018 haec
891 1963 956 2018 de
984 1961 1100 2032 pilis
1141 1965 1274 2018 facta
1301 1978 1602 2042 caprarum,
1631 1965 1721 2018 sui
1748 1965 1805 2018 in
1837 1967 2002 2034 longi-

463 2054 643 2109 tudine
667 2056 871 2109 cubitus
902 2057 1138 2124 triginta,
1182 2056 1234 2109 itt
1261 2055 1534 2109 latitudine
1560 2065 1784 2124 quatuor
1808 2056 2002 2110 haben-

463 2145 563 2207 tia;
585 2146 706 2214 quia
733 2145 920 2199 summi
949 2145 1035 2198 illi.
1055 2144 1445 2212 prmdicatores,
1473 2150 1560 2214 qui
1589 2145 1744 2200 vitam
1774 2147 1999 2201 fidelium

463 2234 571 2288 suis
623 2235 1109 2301 exhortationibus,
1164 2235 1657 2304 intercessionibus,
1703 2239 2000 2308 quotidiana

462 2323 832 2389 sollicitudine,
881 2323 1092 2394 vigiliis,
1139 2323 1373 2396 jejuniis,
1404 2340 1494 2379 sua
1545 2328 1778 2383 nuditate
1822 2338 2007 2398 proles

462 2424 613 2481 gunt,
633 2427 751 2468 sese
787 2414 992 2483 quidem
1019 2414 1280 2470 humiliter
1304 2415 1400 2484 ipsi
1430 2418 1778 2484 contemplata
1814 2418 2000 2486 super"-

469 2518 552 2556 nm
597 2504 832 2571 puritatis
859 2505 1165 2558 excellentia
1197 2515 1497 2574 peccatores
1530 2509 1854 2575 profitentur.
1903 2509 2001 2573 Qui

403 2599 406 2602 ’
465 2604 669 2663 tamen,
716 2605 964 2665 quantum
1015 2595 1082 2650 ad
1114 2598 1354 2651 humana:
1399 2593 1617 2651 modum
1673 2598 2005 2666 perfeczionis

467 2682 675 2749 attinet,
703 2684 882 2738 mundi
926 2683 1062 2740 inter
1090 2685 1327 2739 homines
1355 2700 1418 2739 ac
1456 2675 1706 2740 sublimes
1732 2701 2002 2755 apparent.

537 2774 712 2844 Equo
765 2776 856 2829 erit
908 2791 1140 2829 mensura
1186 2791 1418 2848 rogorum
1462 2780 1709 2843 omnium,
1744 2794 1845 2834 etc.
1891 2779 2004 2836 Una

464 2865 568 2917 erit
614 2877 857 2919 mensura
895 2877 1137 2932 sagarum
1185 2866 1438 2928 omnium,
1481 2869 1599 2936 quia
1630 2870 1870 2922 nimirum
1902 2884 2005 2924 una

464 2965 544 3006 est
571 2952 719 3018 ﬁdes,
748 2953 798 3008 ia
825 2968 938 3021 -qua
971 2963 1075 3007 tota
1103 2955 1333 3008 salvatur
1363 2956 1614 3022 Ecclesia,
1644 2973 1743 3011 una
1787 2959 2000 3013 eadem-

462 3056 561 3110 que
589 3041 713 3104 vita,
742 3041 805 3094 ad
832 3056 985 3111 quam
1032 3042 1242 3096 festinat
1286 3045 1681 3124 :eterna._Uude
1726 3057 1781 3101 et
1824 3049 1876 3102 lii
1914 3051 2004 3118 qui

461 3132 516 3185 in
549 3132 694 3185 vinea
726 3131 930 3185 Domini
956 3132 1162 3186 diverso
1211 3142 1443 3202 terupore
1469 3134 1535 3189 ad
1561 3137 1881 3202 operandam
1921 3141 2002 3193 in-

467 3231 756 3287 traverunt,
781 3235 884 3275 uno
904 3236 1088 3276 omnes
1117 3221 1331 3276 denario
1359 3237 1778 3281 remunerantur.
1812 3227 2001 3281 Divisio

460 3323 586 3378 ergo
615 3324 858 3378 sagarum
888 3310 940 3363 in
969 3311 1199 3379 quinque
1225 3321 1278 3364 et
1307 3327 1418 3377 ses,
1446 3314 1591 3381 juxta
1623 3315 1748 3368 illud
1789 3317 2002 3387 intelligi

462 3407 652 3468 potest,
682 3399 820 3469 quod
841 3414 997 3466 supra
1019 3400 1326 3463 delcortinis
1353 3402 1404 3455 in
1442 3403 1672 3471 quinque
1700 3403 1879 3457 divisis
1909 3421 2002 3458 es-

463 3490 758 3556 posuimus;
789 3488 909 3557 quia
955 3488 1189 3543 videlicet
1222 3491 1462 3544 doctores
1512 3492 1781 3560 utriusque
1821 3493 2005 3546 Testa-

465 3580 624 3634 ntenti
649 3580 940 3650 designent.
977 3582 1214 3650 Quinque
1254 3583 1447 3636 etenim
1485 3597 1608 3652 saga
1637 3584 1864 3652 antiquis
1912 3599 2003 3652 po-

464 3667 569 3732 puli
598 3667 686 3720 Dei
717 3668 975 3735 magistris
1003 3678 1122 3733 apte
1165 3679 1565 3738 contparantur;
1612 3672 1694 3724 vel
1728 3672 1846 3738 quia
1895 3673 2004 3725 Mo-

459 3757 620 3810 saicz
649 3763 845 3809 tantum
871 3757 998 3825 legis
1021 3768 1344 3827 sacramenta
1371 3761 1738 3826 praedicabant,
1764 3763 2001 3829 quamvis

426 3900 430 3904 λ
458 3855 520 3900 et
542 3846 853 3915 evangelica:
880 3849 1114 3901 veritatis
1141 3863 1327 3903 arcana
1361 3852 1738 3915 praedicabant;
1772 3837 2002 3923 vel’quia

456 3939 517 3991 in
558 3940 786 4007 quinque
814 3939 988 3991 tnundi
1040 3940 1281 3992 attatibus
1309 3939 1467 3993 vitam
1510 3941 1787 3993 ducebant.
1828 3940 1880 3993 ln
1911 3957 2001 3995 ses

464 4036 636 4080 autem
668 4025 804 4095 sagis
833 4035 1051 4095 possunt
1079 4041 1181 4080 non
1209 4027 1634 4080 inconvenienter
1660 4028 1788 4081 Novi
1821 4029 1995 4082 Testa-

457 4116 622 4171 ntenti
669 4118 909 4172 doctores
957 4116 1158 4185 accipi;
1210 4117 1331 4184 quia
1372 4116 1612 4171 videlicet
1658 4117 1830 4170 omnia
1886 4129 2002 4184 qua:

461 4206 633 4261 divina
661 4206 926 4275 Scriptura
973 4206 1025 4259 in
1071 4222 1162 4260 sex
1192 4207 1428 4261 uitalibus
1455 4206 1632 4260 saeculi
1683 4205 1848 4268 facta,
1890 4206 2000 4258 sive

466 4298 604 4351 dicta
653 4299 844 4362 refert,
891 4300 941 4351 itt
990 4298 1304 4366 adjutorium
1353 4309 1506 4367 atque
1551 4299 1843 4365 exemplum
1891 4310 1999 4349 sum

456 4386 847 4453 praedicationis
879 4385 1214 4453 spiritualiter
1241 4388 1499 4449 intellecta
1544 4395 1848 4448 assumunt;
1877 4383 1997 4451 quia

454 4479 754 4547 passionem
783 4476 1114 4540 dominicam,
1149 4490 1238 4542 per
1258 4489 1414 4543 quant
1445 4475 1670 4527 mundus
1697 4482 1841 4526 sexta
1874 4475 1995 4525 sab-

462 4566 565 4620 bati
608 4566 908 4635 redemptus
934 4576 1036 4628 est,
1067 4565 1235 4631 palam
1279 4565 1389 4617 suis
1418 4562 1740 4616 auditoribus
1780 4562 1998 4615 creden-

456 4659 575 4709 dam
605 4656 1054 4724 contitendamque
1097 4655 1453 4724 pronuntiant,
1497 4667 1559 4706 ac
1593 4667 1685 4721 per
1714 4651 1864 4720 hujus
1907 4665 1994 4704 so-

461 4749 725 4800 lummodo
748 4757 1129 4800 sacramentum
1156 4760 1248 4798 eos
1276 4746 1462 4798 salvari
1508 4758 1661 4811 posse
1697 4752 1998 4797 contestan-

458 4847 559 4887 tur.
591 4833 738 4888 Unde
781 4845 918 4888 recte
957 4834 1253 4901 praecipitur
1281 4842 1482 4885 sextum
1525 4847 1706 4900 sagum
1741 4833 1791 4883 in
1823 4833 1996 4884 fronte

457 4924 578 4978 tecti
627 4919 920 4989 duplicari,
971 4931 1178 4987 prepter
1223 4919 1602 4973 confessionem
1653 4919 1892 4973 videlicet
1939 4929 1994 4972 et

459 5021 795 5074 imitationem
849 5015 1082 5084 ejusdem
1147 5015 1422 5068 dominicae
1477 5015 1755 5082 passionis.
1815 5013 1993 5080 Neque

454 5110 599 5162 enim
631 5107 843 5170 sufﬁcit,
872 5106 1144 5158 credentes
1173 5106 1340 5157 Solam
1371 5106 1421 5156 itt
1463 5103 1785 5158 confessione
1812 5101 1994 5156 mortis

460 5198 662 5251 Domini
693 5186 768 5249 ac
810 5192 1203 5251 resurrectionis
1247 5193 1494 5260 baptieari
1525 5200 1578 5246 et
1603 5193 1929 5254 consecrari,
1947 5191 1991 5243 si

457 5301 563 5339 nou
593 5287 750 5341 etiam
779 5285 1068 5355 baptizatus
1098 5286 1315 5353 quisque
1342 5283 1620 5346 studuerit,
1661 5283 1712 5335 in
1739 5295 1990 5351 quantum

460 5362 616 5439 valet,
645 5374 970 5429 similitudini
1021 5376 1203 5432 mortis
1234 5372 1438 5426 Domini
1467 5373 1791 5446 continenter
1815 5373 1993 5440 viven-

457 5469 546 5531 do,
569 5482 630 5520 ac
660 5466 907 5536 patiendo
937 5481 1029 5534 pro
1056 5467 1145 5520 illo
1174 5464 1469 5528 assimilari,
1498 5471 1553 5516 ut
1580 5470 1632 5516 et
1653 5462 1994 5516 resurrectio-

458 5560 538 5611 nis
568 5558 682 5624 ejus
711 5556 969 5625 particeps
992 5557 1217 5610 existere
1247 5562 1530 5609 mereatur.
1557 5552 1825 5621 Siquidem
1846 5553 1992 5618 juxta

457 5641 704 5708 litteram,
739 5649 956 5700 frontem
985 5647 1106 5700 tecti
1137 5649 1428 5715 ingressum
1475 5645 1789 5708 tabernaculi
1819 5645 1945 5699 dicit
1976 5662 1988 5697 :

455 5737 542 5792 ubi
573 5752 674 5791 non
707 5733 928 5797 tabulas,
959 5743 1013 5787 ut
1039 5749 1196 5803 supra
1225 5737 1452 5792 breviter
1477 5733 1752 5804 diximus,
1775 5735 1867 5790 sed
1899 5750 1988 5788 co-

2025 4529 2076 4588 D

2101 1973 2178 2016 sto
2216 1964 2365 2033 igitur
2389 1980 2536 2032 posse
2576 1964 2628 2017 in
2656 1979 2825 2029 carne,
2856 1973 2902 2017 et
2927 1979 3011 2018 eos
3037 1965 3209 2019 eodem
3242 1964 3543 2033 cogitatione
3570 1979 3653 2016 ur-

2102 2053 2306 2105 ntttmim'
2332 2050 2384 2126 (1
2419 2052 2557 2107 Pelr.
2582 2054 2675 2120 Iv).

2169 2142 2350 2197 Facies
2373 2153 2418 2198 et
2438 2145 2792 2216 quinquaginta
2813 2143 3018 2199 casulas
3039 2143 3091 2196 in
3107 2151 3198 2196 οςι
3223 2142 3335 2213 sagi
3359 2142 3530 2205 unius,
3546 2152 3648 2196 etc.

2102 2234 2245 2299 llzec,
2295 2242 2352 2289 ut
2399 2250 2555 2302 supra
2602 2235 2652 2289 in
2695 2233 2910 2288 cortinis
2953 2232 3309 2302 exposuimus,
3357 2232 3516 2286 etiam
3571 2233 3651 2286 hic

2105 2323 2320 2392 intelligi
2367 2334 2616 2392 pos.~unt;
2644 2322 2766 2392 quia
2794 2322 3037 2378 videlicet
3076 2321 3368 2376 recordatio
3406 2335 3648 2386 superna:

2103 2415 2319 2480 requiei,
2347 2428 2463 2481 qua:
2492 2427 2712 2467 numero
2739 2411 3188 2482 quinquagenaria
3211 2412 3345 2464 Solet
3396 2410 3646 2478 exprimi,

2102 2503 2260 2555 corda
2306 2515 2601 2555 sanctorum
2642 2500 2850 2554 vinculo
2878 2500 3019 2569 pacis
3062 2500 3278 2552 adunci.
3313 2503 3418 2551 Ant
3456 2501 3500 2550 si
3529 2496 3644 2550 novi

2104 2591 2305 2659 aliqttid
2356 2590 2536 2645 audire
2565 2591 2817 2657 delectet,
2863 2590 3108 2658 quoniam
3138 2603 3259 2656 saga
3304 2589 3645 2642 humilitatem

2104 2683 2398 2737 sublimium
2442 2684 2718 2752 designant
2761 2683 3017 2746 virorum;
3060 2683 3178 2750 quia
3225 2682 3393 2749 magis
3433 2697 3645 2734 summu

2107 2775 2410 2830 meminisse
2470 2773 2776 2832 delictorum
2804 2818 2819 2842 ,
2873 2790 3026 2842 quam
3076 2774 3290 2827 virtuzes
3335 2771 3645 2839 prmdicasse

2103 2880 2226 2921 suas
2270 2866 2524 2936 cupiunt,
2571 2866 2792 2935 amplius
2841 2867 2907 2918 de
2944 2866 3021 2920 eis
3071 2879 3198 2933 quas
3247 2864 3644 2932 apprehendere

2106 2957 2335 3012 nondum
2367 2966 2582 3027 possunt
2625 2957 2902 3011 virtutibus
2930 2956 3227 3024 camp-angi,
3253 2968 3410 3021 quam
3452 2955 3520 3008 de
3547 2954 3647 3006 illis

2105 3061 2232 3115 quas
2273 3046 2380 3116 jam
2420 3045 2894 3115 apprehendernnt.
2947 3045 3156 3099 student
3183 3043 3421 3110 g'oriari.
3475 3040 3644 3095 Potest

2108 3151 2327 3190 numero
2369 3149 2610 3189 ansarum
2655 3135 2764 3190 sive
2831 3134 3105 3188 libttlal'ttm
3161 3133 3642 3202 quinquagenaria,

2107 3225 2218 3291 ipsa
2288 3222 2698 3292 contpunctionis
2766 3238 2944 3277 eorum
3019 3222 3283 3276 humilitas
3356 3223 3636 3290 designari.

2105 3315 2574 3384 Quinquagesimus
2623 3329 2846 3386 namque
2898 3328 3016 3382 pinu
3061 3315 3217 3367 entia:
3265 3314 3498 3380 psalmus
3547 3321 3640 3367 est.

2104 3406 2167 3459 Et
2187 3419 2356 3470 recte;
2385 3407 2504 3475 quia
2538 3407 2732 3459 donum
2786 3406 3102 3478 pojnitentize
3149 3419 3255 3457 non
3298 3403 3399 3455 nisi
3452 3401 3638 3468 Spiritu

2105 3508 2288 3551 sancto
2314 3497 2565 3564 largiente
2611 3496 2930 3557 conceditur,
2959 3496 3152 3546 doutttn
3200 3494 3366 3545 venia:
3391 3497 3639 3556 pcettiten-

2103 3586 2240 3640 tibus
2271 3601 2371 3638 natt
2399 3584 2495 3637 nisi
2537 3583 2718 3636 eadem
2749 3583 2912 3636 sancti
2945 3580 3167 3648 Spirius
3210 3579 3378 3646 gratia
3420 3576 3638 3633 admini-

2063 3719 2067 3723 Α
2098 3687 2298 3730 strante
2326 3675 2587 3729 tribuitur.
2622 3675 2687 3729 Et
2720 3673 2852 3728 bene
2891 3671 3268 3741 quinquagena
3294 3683 3441 3723 ansa
3465 3669 3547 3727 vel
3576 3667 3636 3720 ll-

2103 3766 2236 3820 hulte
2273 3781 2392 3836 saga
2423 3767 2642 3819 invicem
2673 3774 2910 3827 nectunt;
2943 3765 3062 3828 quia
3093 3764 3235 3815 nulla
3279 3761 3446 3830 magis
3486 3758 3641 3814 virtus

2103 3872 2258 3922 quam
2289 3846 2549 3909 humilitas
2589 3854 2759 3908 ﬁdelis
2803 3853 2856 3907 ιιι
2887 3868 3039 3905 uuam
3085 3851 3357 3904 charitatis
3404 3850 3640 3918 copulam

2103 3943 2246 4013 ligat.
2280 3945 2408 3996 Nam
2433 3956 2626 4010 quanto
2649 3957 2708 3996 se
2732 3938 2950 4013 quisque
2973 3941 3195 4007 amplius
3234 3939 3499 3993 infirmum
3524 3951 3640 3993 esse

2102 4034 2396 4102 perpendit,
2447 4044 2590 4086 tanto
2633 4031 2917 4086 studiosius
2958 4030 3206 4083 auxilium
3260 4028 3517 4095 proximi,
3545 4041 3644 4095 quo

2102 4121 2444 4183 confertetur,
2463 4119 2700 4187 inquirit.
2730 4118 2787 4170 Et
2813 4119 2946 4171 bene
2970 4115 3140 4168 libulze
3169 4123 3292 4168 sunt
3309 4128 3507 4178 tener;
3532 4112 3642 4181 quia

2105 4213 2326 4265 multum
2356 4209 2536 4263 vocale
2564 4215 2770 4262 constat
2799 4221 2917 4260 esse
2937 4204 3223 4264 metallum,
3254 4203 3376 4271 quia
3405 4205 3643 4256 nimirqu

2102 4317 2338 4371 tttagnam
2366 4301 2502 4368 apud
2543 4299 2705 4352 Deum
2738 4298 2896 4353 habet
2923 4311 3103 4350 vocem
3135 4296 3350 4350 humilis
3375 4294 3643 4348 conscien-

2099 4381 2166 4444 tia
2191 4393 2471 4462 justorum.
2521 4391 2668 4445 Unde
2714 4398 2770 4445 et
2810 4383 3008 4458 panper
3048 4389 3137 4442 ille
3186 4386 3490 4449 Davidicus,
3533 4400 3642 4438 cum

2100 4483 2339 4535 ausiatus
2366 4490 2524 4543 esset,
2553 4489 2608 4535 et
2632 4493 2735 4534 non
2775 4477 3067 4532 in'auribus
3082 4477 3363 4531 hominum
3395 4474 3645 4553 vocifera-

2100 4581 2262 4633 retur,
2291 4572 2381 4623 sed
2411 4572 2459 4623 in
2490 4579 2774 4638 conspectu
2805 4568 3014 4622 Domini
3040 4566 3332 4620 eﬂ'underet
3359 4567 3644 4620 orationem

2098 4674 2244 4713 suam
2277 4677 2290 4712 :
2326 4658 2555 4725 Domine,
2603 4658 2783 4710 «audi
2832 4655 3112 4710 orationem
3140 4670 3326 4717 omenta,
3378 4655 3566 4724 inquit,
3604 4661 3649 4707 et

2099 4754 2290 4803 clamor
2320 4764 2458 4801 meus
2486 4748 2552 4800 ad
2585 4758 2632 4799 te
2657 4747 2907 4816 perveniat
2929 4743 3149 4812 (Partim.
3179 4742 3279 4812 et).

2173 4837 2322 4905 Quod
2348 4845 2515 4889 autem
2543 4834 2842 4903 superfuerit
2862 4835 2915 4886 in
2952 4834 3087 4904 sagis
3131 4849 3244 4904 qua
3275 4841 3528 4903 parantur
3576 4842 3650 4886 te-

2097 4937 2196 4991 eto,
2214 4937 2317 4982 etc.
2341 4926 2462 4980 Haec
2484 4935 2537 4978 ut
2551 4924 2752 4992 plenius
2773 4924 2989 4992 intelligi
3006 4934 3216 4992 queant,
3236 4923 3396 4993 paulo
3416 4920 3654 4976 latiusde

2099 5025 2206 5070 tota
2232 5015 2405 5084 ipsius
2445 5014 2757 5068 tabernaculi
2806 5013 3067 5084 positione
3113 5011 3386 5077 disputare
3435 5023 3654 5064 necesse

2097 5115 2196 5160 est.
2222 5083 2454 5158 Diximus
2484 5104 2709 5172 parietes
2733 5083 3075 5162 tabernaculi,
3119 5114 3237 5168 qua:
3263 5112 3329 5151 ex
3377 5095 3576 5151 tabulis
3600 5103 3653 5149 et

2097 5194 2352 5248 ctilutnnis
2374 5192 2699 5256 constabant,
2731 5190 3109 5259 longitudinem
3148 5186 3399 5252 imbuisse
3438 5185 3649 5254 triginta

2096 5283 2408 5347 cubitorum,
2439 5280 2762 5334 latitudinem
2791 5279 2997 5342 decem,
3026 5275 3362 5330 altitudinem
3407 5273 3654 5330 sit-iliis

2097 5371 2297 5426 decem.
2329 5370 2383 5425 Si
2414 5370 2528 5438 quis
2552 5381 2677 5435 ergo
2723 5368 2881 5421 vellet
2921 5368 3136 5419 domum
3161 5364 3213 5418 in
3239 5363 3525 5420 latitudine
3541 5365 3655 5421 cin-

2095 5475 2220 5532 gere
2249 5459 2500 5525 funiculo,
2531 5458 2675 5513 verbi
2702 5457 2892 5527 gratia,
2922 5470 2952 5509 a
2981 5455 3092 5509 basi
3123 5453 3311 5510 tabula
3351 5455 3517 5511 unius
3543 5469 3657 5512 le-

2097 5551 2285 5608 ridianl
2312 5549 2509 5614 lateris,
2532 5563 2696 5619 usque
2726 5548 2790 5602 ad
2821 5547 2985 5601 basim
3017 5547 3208 5601 tabula
3230 5585 3248 5610 ,
3281 5561 3406 5615 qua:
3431 5555 3524 5601 est
3547 5554 3602 5600 et
3621 5557 3656 5600 ο

2097 5644 2308 5712 regione
2368 5626 2420 5693 in
2472 5641 2632 5695 latere
2674 5638 3100 5708 septentrionali;
3154 5645 3367 5692 constat

2097 5731 2338 5786 eumdem
2381 5729 2663 5798 funiculum
2711 5727 2919 5794 triginta
2967 5724 3263 5781 cubitorum
3305 5723 3654 5794 longitudinis
