  <div class='ocr_page' id='page_1' title='image "/cluster/home/n/w/nwhite01/storage/ocr_20150623/90-91/uva.x000827075/878.png"; bbox 0 0 3898 6260; ppageno 0'>
   <div class='ocr_carea' id='block_1_1' title="bbox 240 362 344 415">
    <p class='ocr_par' dir='ltr' id='par_1_1' title="bbox 240 362 344 415">
     <span class='ocr_line' id='line_1_1' title="bbox 240 362 344 415; baseline 0.019 -7"><span class='ocrx_word' id='word_1_1' title='bbox 240 362 344 415; x_wconf 58' lang='lat'><strong>‘13</strong></span> 
     </span>
    </p>
   </div>
   <div class='ocr_carea' id='block_1_2' title="bbox 1114 339 2567 419">
    <p class='ocr_par' dir='ltr' id='par_1_2' title="bbox 1114 339 2567 419">
     <span class='ocr_line' id='line_1_2' title="bbox 1114 339 2567 419; baseline -0.002 -5"><span class='ocrx_word' id='word_1_2' title='bbox 1114 359 1199 414; x_wconf 74' lang='lat' dir='ltr'><strong>ne</strong></span> <span class='ocrx_word' id='word_1_3' title='bbox 1235 361 1732 419; x_wconf 71' lang='lat' dir='ltr'><strong>ransnaacuw</strong></span> <span class='ocrx_word' id='word_1_4' title='bbox 1770 339 1854 417; x_wconf 77' lang='grc' dir='ltr'><strong>ετ</strong></span> <span class='ocrx_word' id='word_1_5' title='bbox 1896 361 2086 418; x_wconf 67' lang='lat' dir='ltr'><strong>vasrs</strong></span> <span class='ocrx_word' id='word_1_6' title='bbox 2129 362 2290 418; x_wconf 80' lang='lat' dir='ltr'><strong>EJUS</strong></span> <span class='ocrx_word' id='word_1_7' title='bbox 2329 360 2455 416; x_wconf 80' lang='lat' dir='ltr'><strong>LIB.</strong></span> <span class='ocrx_word' id='word_1_8' title='bbox 2495 361 2567 418; x_wconf 87' lang='lat' dir='ltr'><strong>tt.</strong></span> 
     </span>
    </p>
   </div>
   <div class='ocr_carea' id='block_1_3' title="bbox 3338 371 3438 425">
    <p class='ocr_par' dir='ltr' id='par_1_3' title="bbox 3338 371 3438 425">
     <span class='ocr_line' id='line_1_3' title="bbox 3338 371 3438 425; baseline -0.02 0"><span class='ocrx_word' id='word_1_9' title='bbox 3338 371 3392 425; x_wconf 57' lang='grc' dir='ltr'><strong>ιτ</strong></span> <span class='ocrx_word' id='word_1_10' title='bbox 3413 371 3438 423; x_wconf 73' lang='lat' dir='ltr'><strong>i</strong></span> 
     </span>
    </p>
   </div>
   <div class='ocr_carea' id='block_1_4' title="bbox 229 466 3436 546">
    <p class='ocr_par' dir='ltr' id='par_1_4' title="bbox 229 466 3436 546">
     <span class='ocr_line' id='line_1_4' title="bbox 229 466 3436 546; baseline 0.004 -27"><span class='ocrx_word' id='word_1_11' title='bbox 229 485 350 521; x_wconf 59' lang='lat' dir='ltr'><strong>esse</strong></span> <span class='ocrx_word' id='word_1_12' title='bbox 383 467 594 527; x_wconf 62' lang='lat' dir='ltr'><strong>debere,</strong></span> <span class='ocrx_word' id='word_1_13' title='bbox 625 466 725 520; x_wconf 89' lang='lat' dir='ltr'><strong>hoc</strong></span> <span class='ocrx_word' id='word_1_14' title='bbox 752 476 831 520; x_wconf 86' lang='lat' dir='ltr'><strong>est</strong></span> <span class='ocrx_word' id='word_1_15' title='bbox 859 466 1039 521; x_wconf 89' lang='lat' dir='ltr'><strong>decem</strong></span> <span class='ocrx_word' id='word_1_16' title='bbox 1064 469 1270 524; x_wconf 64' lang='lat' dir='ltr'><strong>cubitos</strong></span> <span class='ocrx_word' id='word_1_17' title='bbox 1293 471 1490 524; x_wconf 76' lang='lat' dir='ltr'><strong>habens</strong></span> <span class='ocrx_word' id='word_1_18' title='bbox 1517 471 1782 526; x_wconf 82' lang='lat' dir='ltr'><strong>ascettsio-</strong></span> <span class='ocrx_word' id='word_1_19' title='bbox 1813 473 1859 530; x_wconf 74' lang='grc' dir='ltr'><strong>Α</strong></span> <span class='ocrx_word' id='word_1_20' title='bbox 1888 470 2071 525; x_wconf 84' lang='lat' dir='ltr'><strong>dentes</strong></span> <span class='ocrx_word' id='word_1_21' title='bbox 2097 486 2125 524; x_wconf 93' lang='lat' dir='ltr'><strong>a</strong></span> <span class='ocrx_word' id='word_1_22' title='bbox 2155 469 2328 525; x_wconf 78' lang='lat' dir='ltr'><strong>fronte</strong></span> <span class='ocrx_word' id='word_1_23' title='bbox 2354 470 2562 535; x_wconf 87' lang='lat' dir='ltr'><strong>domus,</strong></span> <span class='ocrx_word' id='word_1_24' title='bbox 2595 479 2795 540; x_wconf 84' lang='lat' dir='ltr'><strong>septem</strong></span> <span class='ocrx_word' id='word_1_25' title='bbox 2819 473 3063 532; x_wconf 81' lang='lat' dir='ltr'><strong>similiter</strong></span> <span class='ocrx_word' id='word_1_26' title='bbox 3078 475 3436 546; x_wconf 70' lang='lat' dir='ltr'><strong>dependentes</strong></span> 
     </span>
    </p>
   </div>
   <div class='ocr_carea' id='block_1_5' title="bbox 230 554 1787 626">
    <p class='ocr_par' dir='ltr' id='par_1_5' title="bbox 230 554 1787 626">
     <span class='ocr_line' id='line_1_5' title="bbox 230 554 1787 626; baseline 0.003 -16"><span class='ocrx_word' id='word_1_27' title='bbox 230 556 316 610; x_wconf 85' lang='lat' dir='ltr'><strong>nis</strong></span> <span class='ocrx_word' id='word_1_28' title='bbox 361 557 412 609; x_wconf 89' lang='lat' dir='ltr'><strong>iu</strong></span> <span class='ocrx_word' id='word_1_29' title='bbox 457 554 745 609; x_wconf 80' lang='lat' dir='ltr'><strong>meridiano</strong></span> <span class='ocrx_word' id='word_1_30' title='bbox 791 555 1021 624; x_wconf 84' lang='lat' dir='ltr'><strong>pariete,</strong></span> <span class='ocrx_word' id='word_1_31' title='bbox 1064 555 1248 612; x_wconf 82' lang='lat' dir='ltr'><strong>decem</strong></span> <span class='ocrx_word' id='word_1_32' title='bbox 1295 558 1428 613; x_wconf 88' lang='lat' dir='ltr'><strong>alios</strong></span> <span class='ocrx_word' id='word_1_33' title='bbox 1475 558 1787 626; x_wconf 76' lang='lat' dir='ltr'><strong>:eqnalitatis</strong></span> 
     </span>
    </p>
   </div>
   <div class='ocr_carea' id='block_1_6' title="bbox 234 645 1785 712">
    <p class='ocr_par' dir='ltr' id='par_1_6' title="bbox 234 645 1785 712">
     <span class='ocr_line' id='line_1_6' title="bbox 234 645 1785 712; baseline 0.003 -12"><span class='ocrx_word' id='word_1_34' title='bbox 234 661 443 700; x_wconf 74' lang='lat' dir='ltr'><strong>rursum</strong></span> <span class='ocrx_word' id='word_1_35' title='bbox 488 645 624 700; x_wconf 85' lang='lat' dir='ltr'><strong>inter</strong></span> <span class='ocrx_word' id='word_1_36' title='bbox 653 646 908 712; x_wconf 85' lang='lat' dir='ltr'><strong>parietes,</strong></span> <span class='ocrx_word' id='word_1_37' title='bbox 936 645 1120 700; x_wconf 87' lang='lat' dir='ltr'><strong>decem</strong></span> <span class='ocrx_word' id='word_1_38' title='bbox 1167 648 1322 702; x_wconf 91' lang='lat' dir='ltr'><strong>tertio</strong></span> <span class='ocrx_word' id='word_1_39' title='bbox 1348 647 1708 702; x_wconf 78' lang='lat' dir='ltr'><strong>desecti-iouis</strong></span> <span class='ocrx_word' id='word_1_40' title='bbox 1734 649 1785 704; x_wconf 88' lang='lat' dir='ltr'><strong>in</strong></span> 
     </span>
    </p>
   </div>
   <div class='ocr_carea' id='block_1_7' title="bbox 232 734 1787 807">
    <p class='ocr_par' dir='ltr' id='par_1_7' title="bbox 232 734 1787 807">
     <span class='ocr_line' id='line_1_7' title="bbox 232 734 1787 807; baseline 0.002 -17"><span class='ocrx_word' id='word_1_41' title='bbox 232 737 434 805; x_wconf 86' lang='lat' dir='ltr'><strong>pariete</strong></span> <span class='ocrx_word' id='word_1_42' title='bbox 458 734 879 803; x_wconf 68' lang='lat' dir='ltr'><strong>septentrionali.</strong></span> <span class='ocrx_word' id='word_1_43' title='bbox 913 734 1038 807; x_wconf 85' lang='lat' dir='ltr'><strong>Item</strong></span> <span class='ocrx_word' id='word_1_44' title='bbox 1067 736 1110 790; x_wconf 88' lang='lat' dir='ltr'><strong>si</strong></span> <span class='ocrx_word' id='word_1_45' title='bbox 1158 752 1252 804; x_wconf 90' lang='lat' dir='ltr'><strong>per</strong></span> <span class='ocrx_word' id='word_1_46' title='bbox 1289 736 1664 807; x_wconf 70' lang='lat' dir='ltr'><strong>longitudinem</strong></span> <span class='ocrx_word' id='word_1_47' title='bbox 1693 737 1787 793; x_wconf 87' lang='lat' dir='ltr'><strong>do-</strong></span> 
     </span>
    </p>
   </div>
   <div class='ocr_carea' id='block_1_8' title="bbox 233 825 1784 894">
    <p class='ocr_par' dir='ltr' id='par_1_8' title="bbox 233 825 1784 894">
     <span class='ocr_line' id='line_1_8' title="bbox 233 825 1784 894; baseline 0.001 -11"><span class='ocrx_word' id='word_1_48' title='bbox 233 842 354 883; x_wconf 85' lang='lat' dir='ltr'><strong>mus</strong></span> <span class='ocrx_word' id='word_1_49' title='bbox 371 827 658 885; x_wconf 74' lang='lat' dir='ltr'><strong>extendere</strong></span> <span class='ocrx_word' id='word_1_50' title='bbox 688 825 971 882; x_wconf 81' lang='lat' dir='ltr'><strong>funiculum</strong></span> <span class='ocrx_word' id='word_1_51' title='bbox 996 828 1148 894; x_wconf 87' lang='lat' dir='ltr'><strong>velis,</strong></span> <span class='ocrx_word' id='word_1_52' title='bbox 1173 829 1273 883; x_wconf 89' lang='lat' dir='ltr'><strong>hoc</strong></span> <span class='ocrx_word' id='word_1_53' title='bbox 1295 839 1375 883; x_wconf 89' lang='lat' dir='ltr'><strong>est</strong></span> <span class='ocrx_word' id='word_1_54' title='bbox 1393 844 1423 883; x_wconf 89' lang='lat' dir='ltr'><strong>a</strong></span> <span class='ocrx_word' id='word_1_55' title='bbox 1457 829 1668 888; x_wconf 87' lang='lat' dir='ltr'><strong>basibus</strong></span> <span class='ocrx_word' id='word_1_56' title='bbox 1692 844 1784 884; x_wconf 86' lang='lat' dir='ltr'><strong>co-</strong></span> 
     </span>
    </p>
   </div>
   <div class='ocr_carea' id='block_1_9' title="bbox 233 917 1787 989">
    <p class='ocr_par' dir='ltr' id='par_1_9' title="bbox 233 917 1787 989">
     <span class='ocr_line' id='line_1_9' title="bbox 233 917 1787 989; baseline 0.001 -15"><span class='ocrx_word' id='word_1_57' title='bbox 233 920 532 974; x_wconf 77' lang='lat' dir='ltr'><strong>lumnarum</strong></span> <span class='ocrx_word' id='word_1_58' title='bbox 556 934 787 986; x_wconf 87' lang='lat' dir='ltr'><strong>sursum,</strong></span> <span class='ocrx_word' id='word_1_59' title='bbox 817 928 871 974; x_wconf 88' lang='lat' dir='ltr'><strong>et</strong></span> <span class='ocrx_word' id='word_1_60' title='bbox 898 935 990 987; x_wconf 91' lang='lat' dir='ltr'><strong>per</strong></span> <span class='ocrx_word' id='word_1_61' title='bbox 1012 917 1387 989; x_wconf 72' lang='lat' dir='ltr'><strong>longitudinem</strong></span> <span class='ocrx_word' id='word_1_62' title='bbox 1414 921 1570 974; x_wconf 86' lang='lat' dir='ltr'><strong>totius</strong></span> <span class='ocrx_word' id='word_1_63' title='bbox 1598 920 1787 976; x_wconf 86' lang='lat' dir='ltr'><strong>domus</strong></span> 
     </span>
    </p>
   </div>
   <div class='ocr_carea' id='block_1_10' title="bbox 237 1009 1785 1078">
    <p class='ocr_par' dir='ltr' id='par_1_10' title="bbox 237 1009 1785 1078">
     <span class='ocr_line' id='line_1_10' title="bbox 237 1009 1785 1078; baseline 0.001 -16"><span class='ocrx_word' id='word_1_64' title='bbox 237 1010 306 1064; x_wconf 82' lang='lat' dir='ltr'><strong>ad</strong></span> <span class='ocrx_word' id='word_1_65' title='bbox 332 1010 708 1064; x_wconf 74' lang='lat' dir='ltr'><strong>occidentalem</strong></span> <span class='ocrx_word' id='word_1_66' title='bbox 735 1024 902 1078; x_wconf 86' lang='lat' dir='ltr'><strong>usque</strong></span> <span class='ocrx_word' id='word_1_67' title='bbox 929 1011 1204 1077; x_wconf 80' lang='lat' dir='ltr'><strong>parietem,</strong></span> <span class='ocrx_word' id='word_1_68' title='bbox 1229 1025 1292 1064; x_wconf 90' lang='lat' dir='ltr'><strong>ac</strong></span> <span class='ocrx_word' id='word_1_69' title='bbox 1316 1009 1505 1064; x_wconf 86' lang='lat' dir='ltr'><strong>deinde</strong></span> <span class='ocrx_word' id='word_1_70' title='bbox 1534 1025 1694 1078; x_wconf 77' lang='lat' dir='ltr'><strong>usque</strong></span> <span class='ocrx_word' id='word_1_71' title='bbox 1720 1010 1785 1064; x_wconf 90' lang='lat' dir='ltr'><strong>ad</strong></span> 
     </span>
    </p>
   </div>
   <div class='ocr_carea' id='block_1_11' title="bbox 234 1099 1788 1173">
    <p class='ocr_par' dir='ltr' id='par_1_11' title="bbox 234 1099 1788 1173">
     <span class='ocr_line' id='line_1_11' title="bbox 234 1099 1788 1173; baseline -0.001 -17"><span class='ocrx_word' id='word_1_72' title='bbox 234 1101 392 1157; x_wconf 83' lang='lat' dir='ltr'><strong>bases</strong></span> <span class='ocrx_word' id='word_1_73' title='bbox 418 1101 533 1170; x_wconf 87' lang='lat' dir='ltr'><strong>ejus</strong></span> <span class='ocrx_word' id='word_1_74' title='bbox 555 1101 833 1164; x_wconf 75' lang='lat' dir='ltr'><strong>deorsum,</strong></span> <span class='ocrx_word' id='word_1_75' title='bbox 877 1100 1089 1155; x_wconf 77' lang='lat' dir='ltr'><strong>habebit</strong></span> <span class='ocrx_word' id='word_1_76' title='bbox 1115 1099 1379 1155; x_wconf 75' lang='lat' dir='ltr'><strong>funiculus</strong></span> <span class='ocrx_word' id='word_1_77' title='bbox 1418 1102 1507 1157; x_wconf 88' lang='lat' dir='ltr'><strong>ille</strong></span> <span class='ocrx_word' id='word_1_78' title='bbox 1533 1104 1788 1173; x_wconf 82' lang='lat' dir='ltr'><strong>quinqua-</strong></span> 
     </span>
    </p>
   </div>
   <div class='ocr_carea' id='block_1_12' title="bbox 232 1190 1789 1261">
    <p class='ocr_par' dir='ltr' id='par_1_12' title="bbox 232 1190 1789 1261">
     <span class='ocr_line' id='line_1_12' title="bbox 232 1190 1789 1261; baseline 0.001 -17"><span class='ocrx_word' id='word_1_79' title='bbox 232 1191 380 1261; x_wconf 83' lang='lat' dir='ltr'><strong>ginta</strong></span> <span class='ocrx_word' id='word_1_80' title='bbox 418 1191 623 1246; x_wconf 89' lang='lat' dir='ltr'><strong>cubitos</strong></span> <span class='ocrx_word' id='word_1_81' title='bbox 654 1190 1016 1261; x_wconf 89' lang='lat' dir='ltr'><strong>longitudinis,</strong></span> <span class='ocrx_word' id='word_1_82' title='bbox 1045 1190 1230 1246; x_wconf 90' lang='lat' dir='ltr'><strong>decem</strong></span> <span class='ocrx_word' id='word_1_83' title='bbox 1256 1191 1504 1248; x_wconf 77' lang='lat' dir='ltr'><strong>videlicet</strong></span> <span class='ocrx_word' id='word_1_84' title='bbox 1527 1195 1789 1247; x_wconf 77' lang='lat' dir='ltr'><strong>ascensiu-</strong></span> 
     </span>
    </p>
   </div>
   <div class='ocr_carea' id='block_1_13' title="bbox 234 1281 1786 1354">
    <p class='ocr_par' dir='ltr' id='par_1_13' title="bbox 234 1281 1786 1354">
     <span class='ocr_line' id='line_1_13' title="bbox 234 1281 1786 1354; baseline 0.001 -16"><span class='ocrx_word' id='word_1_85' title='bbox 234 1285 321 1338; x_wconf 88' lang='lat' dir='ltr'><strong>nis</strong></span> <span class='ocrx_word' id='word_1_86' title='bbox 356 1281 505 1354; x_wconf 77' lang='lat' dir='ltr'><strong>juxta</strong></span> <span class='ocrx_word' id='word_1_87' title='bbox 547 1282 858 1346; x_wconf 88' lang='lat' dir='ltr'><strong>columnas,</strong></span> <span class='ocrx_word' id='word_1_88' title='bbox 905 1282 1114 1349; x_wconf 74' lang='lat' dir='ltr'><strong>triginta</strong></span> <span class='ocrx_word' id='word_1_89' title='bbox 1151 1283 1466 1350; x_wconf 73' lang='lat' dir='ltr'><strong>:cqualitatis</strong></span> <span class='ocrx_word' id='word_1_90' title='bbox 1501 1286 1786 1340; x_wconf 80' lang='lat' dir='ltr'><strong>secundum</strong></span> 
     </span>
    </p>
   </div>
   <div class='ocr_carea' id='block_1_14' title="bbox 233 1373 1789 1445">
    <p class='ocr_par' dir='ltr' id='par_1_14' title="bbox 233 1373 1789 1445">
     <span class='ocr_line' id='line_1_14' title="bbox 233 1373 1789 1445; baseline 0.002 -16"><span class='ocrx_word' id='word_1_91' title='bbox 233 1374 612 1445; x_wconf 72' lang='lat' dir='ltr'><strong>longitudinem</strong></span> <span class='ocrx_word' id='word_1_92' title='bbox 670 1373 898 1440; x_wconf 77' lang='lat' dir='ltr'><strong>domus;</strong></span> <span class='ocrx_word' id='word_1_93' title='bbox 962 1374 1143 1429; x_wconf 87' lang='lat' dir='ltr'><strong>decem</strong></span> <span class='ocrx_word' id='word_1_94' title='bbox 1197 1391 1380 1430; x_wconf 86' lang='lat' dir='ltr'><strong>rursus</strong></span> <span class='ocrx_word' id='word_1_95' title='bbox 1432 1377 1789 1432; x_wconf 78' lang='lat' dir='ltr'><strong>descensionis</strong></span> 
     </span>
    </p>
   </div>
   <div class='ocr_carea' id='block_1_15' title="bbox 131 1465 1787 1536">
    <p class='ocr_par' dir='ltr' id='par_1_15' title="bbox 131 1465 1787 1536">
     <span class='ocr_line' id='line_1_15' title="bbox 131 1465 1787 1536; baseline 0.005 -22"><span class='ocrx_word' id='word_1_96' title='bbox 131 1512 134 1514; x_wconf 30' lang='grc' dir='ltr'><strong>ν</strong></span> <span class='ocrx_word' id='word_1_97' title='bbox 229 1467 380 1535; x_wconf 83' lang='lat' dir='ltr'><strong>juxta</strong></span> <span class='ocrx_word' id='word_1_98' title='bbox 408 1467 748 1521; x_wconf 89' lang='lat' dir='ltr'><strong>occidentalis</strong></span> <span class='ocrx_word' id='word_1_99' title='bbox 779 1466 992 1534; x_wconf 88' lang='lat' dir='ltr'><strong>parietis</strong></span> <span class='ocrx_word' id='word_1_100' title='bbox 1022 1465 1244 1520; x_wconf 86' lang='lat' dir='ltr'><strong>tabulas.</strong></span> <span class='ocrx_word' id='word_1_101' title='bbox 1277 1465 1368 1522; x_wconf 82' lang='lat' dir='ltr'><strong>llis</strong></span> <span class='ocrx_word' id='word_1_102' title='bbox 1391 1481 1520 1536; x_wconf 89' lang='lat' dir='ltr'><strong>ergo</strong></span> <span class='ocrx_word' id='word_1_103' title='bbox 1540 1468 1787 1523; x_wconf 85' lang='lat' dir='ltr'><strong>conside-</strong></span> 
     </span>
    </p>
   </div>
   <div class='ocr_carea' id='block_1_16' title="bbox 234 1557 1788 1637">
    <p class='ocr_par' dir='ltr' id='par_1_16' title="bbox 234 1557 1788 1637">
     <span class='ocr_line' id='line_1_16' title="bbox 234 1557 1788 1637; baseline 0.001 -26"><span class='ocrx_word' id='word_1_104' title='bbox 234 1557 387 1621; x_wconf 89' lang='lat' dir='ltr'><strong>ratis,</strong></span> <span class='ocrx_word' id='word_1_105' title='bbox 425 1557 630 1613; x_wconf 89' lang='lat' dir='ltr'><strong>intuere</strong></span> <span class='ocrx_word' id='word_1_106' title='bbox 659 1571 931 1612; x_wconf 86' lang='lat' dir='ltr'><strong>mensuras</strong></span> <span class='ocrx_word' id='word_1_107' title='bbox 971 1559 1306 1623; x_wconf 76' lang='lat' dir='ltr'><strong>cortinarum,</strong></span> <span class='ocrx_word' id='word_1_108' title='bbox 1338 1559 1539 1637; x_wconf 85' lang='lat' dir='ltr'><strong>quibus</strong></span> <span class='ocrx_word' id='word_1_109' title='bbox 1570 1560 1788 1628; x_wconf 86' lang='lat' dir='ltr'><strong>tegenda</strong></span> 
     </span>
    </p>
   </div>
   <div class='ocr_carea' id='block_1_17' title="bbox 232 1647 1791 1716">
    <p class='ocr_par' dir='ltr' id='par_1_17' title="bbox 232 1647 1791 1716">
     <span class='ocr_line' id='line_1_17' title="bbox 232 1647 1791 1716; baseline 0.001 -14"><span class='ocrx_word' id='word_1_110' title='bbox 232 1654 352 1702; x_wconf 88' lang='lat' dir='ltr'><strong>erat</strong></span> <span class='ocrx_word' id='word_1_111' title='bbox 409 1648 632 1712; x_wconf 88' lang='lat' dir='ltr'><strong>domus,</strong></span> <span class='ocrx_word' id='word_1_112' title='bbox 685 1647 910 1715; x_wconf 76' lang='lat' dir='ltr'><strong>qualiter</strong></span> <span class='ocrx_word' id='word_1_113' title='bbox 976 1647 1204 1716; x_wconf 66' lang='lat' dir='ltr'><strong>praiatis</strong></span> <span class='ocrx_word' id='word_1_114' title='bbox 1253 1648 1452 1716; x_wconf 78' lang='lat' dir='ltr'><strong>possint</strong></span> <span class='ocrx_word' id='word_1_115' title='bbox 1509 1649 1791 1704; x_wconf 85' lang='lat' dir='ltr'><strong>convenire</strong></span> 
     </span>
    </p>
   </div>
   <div class='ocr_carea' id='block_1_18' title="bbox 237 1736 1790 1807">
    <p class='ocr_par' dir='ltr' id='par_1_18' title="bbox 237 1736 1790 1807">
     <span class='ocr_line' id='line_1_18' title="bbox 237 1736 1790 1807; baseline 0.001 -15"><span class='ocrx_word' id='word_1_116' title='bbox 237 1737 520 1792; x_wconf 76' lang='lat' dir='ltr'><strong>mensuris.</strong></span> <span class='ocrx_word' id='word_1_117' title='bbox 571 1737 762 1792; x_wconf 86' lang='lat' dir='ltr'><strong>Decem</strong></span> <span class='ocrx_word' id='word_1_118' title='bbox 810 1745 960 1792; x_wconf 81' lang='lat' dir='ltr'><strong>erunt</strong></span> <span class='ocrx_word' id='word_1_119' title='bbox 1004 1738 1243 1802; x_wconf 65' lang='lat' dir='ltr'><strong>cortinae,</strong></span> <span class='ocrx_word' id='word_1_120' title='bbox 1283 1736 1535 1793; x_wconf 81' lang='lat' dir='ltr'><strong>habentes</strong></span> <span class='ocrx_word' id='word_1_121' title='bbox 1573 1739 1790 1807; x_wconf 75' lang='lat' dir='ltr'><strong>singula:</strong></span> 
     </span>
    </p>
   </div>
   <div class='ocr_carea' id='block_1_19' title="bbox 1887 557 3433 640">
    <p class='ocr_par' dir='ltr' id='par_1_19' title="bbox 1887 557 3433 640">
     <span class='ocr_line' id='line_1_19' title="bbox 1887 557 3433 640; baseline 0.009 -28"><span class='ocrx_word' id='word_1_122' title='bbox 1887 557 1940 612; x_wconf 91' lang='lat' dir='ltr'><strong>in</strong></span> <span class='ocrx_word' id='word_1_123' title='bbox 1969 559 2116 629; x_wconf 86' lang='lat' dir='ltr'><strong>plaga</strong></span> <span class='ocrx_word' id='word_1_124' title='bbox 2140 559 2468 614; x_wconf 59' lang='lat' dir='ltr'><strong>occidi-ntali.</strong></span> <span class='ocrx_word' id='word_1_125' title='bbox 2491 558 2684 630; x_wconf 79' lang='lat' dir='ltr'><strong>Sicque</strong></span> <span class='ocrx_word' id='word_1_126' title='bbox 2712 561 2804 616; x_wconf 82' lang='lat' dir='ltr'><strong>luit</strong></span> <span class='ocrx_word' id='word_1_127' title='bbox 2833 572 2890 618; x_wconf 92' lang='lat' dir='ltr'><strong>ut</strong></span> <span class='ocrx_word' id='word_1_128' title='bbox 2917 580 3160 622; x_wconf 80' lang='lat' dir='ltr'><strong>mensura</strong></span> <span class='ocrx_word' id='word_1_129' title='bbox 3189 582 3433 640; x_wconf 82' lang='lat' dir='ltr'><strong>sagorutn</strong></span> 
     </span>
    </p>
   </div>
   <div class='ocr_carea' id='block_1_20' title="bbox 1887 650 3441 718">
    <p class='ocr_par' dir='ltr' id='par_1_20' title="bbox 1887 650 3441 718">
     <span class='ocr_line' id='line_1_20' title="bbox 1887 650 3441 718; baseline 0.01 -14"><span class='ocrx_word' id='word_1_130' title='bbox 1887 650 1940 705; x_wconf 91' lang='lat' dir='ltr'><strong>in</strong></span> <span class='ocrx_word' id='word_1_131' title='bbox 1970 651 2278 706; x_wconf 79' lang='lat' dir='ltr'><strong>occidentali</strong></span> <span class='ocrx_word' id='word_1_132' title='bbox 2309 651 2471 709; x_wconf 88' lang='lat' dir='ltr'><strong>latere</strong></span> <span class='ocrx_word' id='word_1_133' title='bbox 2497 653 2706 709; x_wconf 89' lang='lat' dir='ltr'><strong>duobus</strong></span> <span class='ocrx_word' id='word_1_134' title='bbox 2733 654 2924 711; x_wconf 80' lang='lat' dir='ltr'><strong>cubitis</strong></span> <span class='ocrx_word' id='word_1_135' title='bbox 2967 658 3248 716; x_wconf 74' lang='lat' dir='ltr'><strong>excederet</strong></span> <span class='ocrx_word' id='word_1_136' title='bbox 3291 678 3441 718; x_wconf 85' lang='lat' dir='ltr'><strong>meu-</strong></span> 
     </span>
    </p>
   </div>
   <div class='ocr_carea' id='block_1_21' title="bbox 1886 741 3441 821">
    <p class='ocr_par' dir='ltr' id='par_1_21' title="bbox 1886 741 3441 821">
     <span class='ocr_line' id='line_1_21' title="bbox 1886 741 3441 821; baseline 0.009 -28"><span class='ocrx_word' id='word_1_137' title='bbox 1886 752 2062 795; x_wconf 85' lang='lat' dir='ltr'><strong>suram</strong></span> <span class='ocrx_word' id='word_1_138' title='bbox 2108 741 2468 808; x_wconf 85' lang='lat' dir='ltr'><strong>cortinarum;</strong></span> <span class='ocrx_word' id='word_1_139' title='bbox 2510 745 2632 813; x_wconf 83' lang='lat' dir='ltr'><strong>quia</strong></span> <span class='ocrx_word' id='word_1_140' title='bbox 2677 745 2924 800; x_wconf 87' lang='lat' dir='ltr'><strong>nimirum</strong></span> <span class='ocrx_word' id='word_1_141' title='bbox 2967 750 3186 803; x_wconf 75' lang='lat' dir='ltr'><strong>cortina:</strong></span> <span class='ocrx_word' id='word_1_142' title='bbox 3214 750 3441 821; x_wconf 72' lang='lat' dir='ltr'><strong>de~uper</strong></span> 
     </span>
    </p>
   </div>
   <div class='ocr_carea' id='block_1_22' title="bbox 1889 831 3448 910">
    <p class='ocr_par' dir='ltr' id='par_1_22' title="bbox 1889 831 3448 910">
     <span class='ocr_line' id='line_1_22' title="bbox 1889 831 3448 910; baseline 0.008 -26"><span class='ocrx_word' id='word_1_143' title='bbox 1889 831 2178 896; x_wconf 76' lang='lat' dir='ltr'><strong>venientes,</strong></span> <span class='ocrx_word' id='word_1_144' title='bbox 2206 833 2342 887; x_wconf 91' lang='lat' dir='ltr'><strong>sicut</strong></span> <span class='ocrx_word' id='word_1_145' title='bbox 2369 843 2427 890; x_wconf 93' lang='lat' dir='ltr'><strong>et</strong></span> <span class='ocrx_word' id='word_1_146' title='bbox 2453 848 2608 901; x_wconf 80' lang='lat' dir='ltr'><strong>supra</strong></span> <span class='ocrx_word' id='word_1_147' title='bbox 2639 838 3189 907; x_wconf 78' lang='lat' dir='ltr'><strong>commemoravimus,</strong></span> <span class='ocrx_word' id='word_1_148' title='bbox 3211 841 3448 910; x_wconf 86' lang='lat' dir='ltr'><strong>quinque</strong></span> 
     </span>
    </p>
   </div>
   <div class='ocr_carea' id='block_1_23' title="bbox 1887 920 3442 1002">
    <p class='ocr_par' dir='ltr' id='par_1_23' title="bbox 1887 920 3442 1002">
     <span class='ocr_line' id='line_1_23' title="bbox 1887 920 3442 1002; baseline 0.009 -28"><span class='ocrx_word' id='word_1_149' title='bbox 1887 920 2092 976; x_wconf 89' lang='lat' dir='ltr'><strong>cubitos</strong></span> <span class='ocrx_word' id='word_1_150' title='bbox 2136 922 2375 992; x_wconf 78' lang='lat' dir='ltr'><strong>ejusdem</strong></span> <span class='ocrx_word' id='word_1_151' title='bbox 2415 925 2758 983; x_wconf 85' lang='lat' dir='ltr'><strong>occidentalis</strong></span> <span class='ocrx_word' id='word_1_152' title='bbox 2799 929 3012 998; x_wconf 87' lang='lat' dir='ltr'><strong>parietis</strong></span> <span class='ocrx_word' id='word_1_153' title='bbox 3057 932 3336 1002; x_wconf 83' lang='lat' dir='ltr'><strong>tegebant,</strong></span> <span class='ocrx_word' id='word_1_154' title='bbox 3384 943 3442 988; x_wconf 87' lang='lat' dir='ltr'><strong>et</strong></span> 
     </span>
    </p>
   </div>
   <div class='ocr_carea' id='block_1_24' title="bbox 1892 1014 3444 1092">
    <p class='ocr_par' dir='ltr' id='par_1_24' title="bbox 1892 1014 3444 1092">
     <span class='ocr_line' id='line_1_24' title="bbox 1892 1014 3444 1092; baseline 0.007 -24"><span class='ocrx_word' id='word_1_155' title='bbox 1892 1023 2000 1069; x_wconf 88' lang='lat' dir='ltr'><strong>tres</strong></span> <span class='ocrx_word' id='word_1_156' title='bbox 2034 1014 2396 1083; x_wconf 83' lang='lat' dir='ltr'><strong>relinquebant</strong></span> <span class='ocrx_word' id='word_1_157' title='bbox 2441 1019 2687 1075; x_wconf 89' lang='lat' dir='ltr'><strong>intactos.</strong></span> <span class='ocrx_word' id='word_1_158' title='bbox 2737 1021 2804 1075; x_wconf 79' lang='lat' dir='ltr'><strong>Et</strong></span> <span class='ocrx_word' id='word_1_159' title='bbox 2848 1023 2947 1077; x_wconf 87' lang='lat' dir='ltr'><strong>hoc</strong></span> <span class='ocrx_word' id='word_1_160' title='bbox 2993 1031 3074 1077; x_wconf 88' lang='lat' dir='ltr'><strong>est</strong></span> <span class='ocrx_word' id='word_1_161' title='bbox 3111 1024 3252 1092; x_wconf 90' lang='lat' dir='ltr'><strong>quod</strong></span> <span class='ocrx_word' id='word_1_162' title='bbox 3301 1040 3444 1080; x_wconf 82' lang='lat' dir='ltr'><strong>nunc</strong></span> 
     </span>
    </p>
   </div>
   <div class='ocr_carea' id='block_1_25' title="bbox 1889 1102 3443 1186">
    <p class='ocr_par' dir='ltr' id='par_1_25' title="bbox 1889 1102 3443 1186">
     <span class='ocr_line' id='line_1_25' title="bbox 1889 1102 3443 1186; baseline 0.008 -28"><span class='ocrx_word' id='word_1_163' title='bbox 1889 1102 2117 1160; x_wconf 87' lang='lat' dir='ltr'><strong>dicitur:</strong></span> <span class='ocrx_word' id='word_1_164' title='bbox 2150 1104 2299 1171; x_wconf 83' lang='lat' dir='ltr'><strong>Quod</strong></span> <span class='ocrx_word' id='word_1_165' title='bbox 2326 1117 2501 1186; x_wconf 87' lang='lat' dir='ltr'><strong>autem</strong></span> <span class='ocrx_word' id='word_1_166' title='bbox 2530 1108 2847 1179; x_wconf 80' lang='lat' dir='ltr'><strong>superfuerit</strong></span> <span class='ocrx_word' id='word_1_167' title='bbox 2875 1113 2926 1165; x_wconf 81' lang='lat' dir='ltr'><strong>in</strong></span> <span class='ocrx_word' id='word_1_168' title='bbox 2948 1115 3086 1182; x_wconf 85' lang='lat' dir='ltr'><strong>sagis</strong></span> <span class='ocrx_word' id='word_1_169' title='bbox 3113 1129 3228 1183; x_wconf 64' lang='lat' dir='ltr'><strong>quae</strong></span> <span class='ocrx_word' id='word_1_170' title='bbox 3257 1129 3443 1183; x_wconf 77' lang='lat' dir='ltr'><strong>paran-</strong></span> 
     </span>
    </p>
   </div>
   <div class='ocr_carea' id='block_1_26' title="bbox 1890 1189 3444 1275">
    <p class='ocr_par' dir='ltr' id='par_1_26' title="bbox 1890 1189 3444 1275">
     <span class='ocr_line' id='line_1_26' title="bbox 1890 1189 3444 1275; baseline 0.008 -23"><span class='ocrx_word' id='word_1_171' title='bbox 1890 1204 1975 1253; x_wconf 90' lang='lat' dir='ltr'><strong>tur</strong></span> <span class='ocrx_word' id='word_1_172' title='bbox 2004 1209 2161 1268; x_wconf 90' lang='lat' dir='ltr'><strong>tecto,</strong></span> <span class='ocrx_word' id='word_1_173' title='bbox 2185 1201 2236 1255; x_wconf 92' lang='lat' dir='ltr'><strong>id</strong></span> <span class='ocrx_word' id='word_1_174' title='bbox 2256 1210 2358 1267; x_wconf 91' lang='lat' dir='ltr'><strong>est,</strong></span> <span class='ocrx_word' id='word_1_175' title='bbox 2391 1189 2550 1258; x_wconf 84' lang='lat' dir='ltr'><strong>unum</strong></span> <span class='ocrx_word' id='word_1_176' title='bbox 2575 1219 2782 1274; x_wconf 80' lang='lat' dir='ltr'><strong>sagum,</strong></span> <span class='ocrx_word' id='word_1_177' title='bbox 2811 1206 2951 1275; x_wconf 92' lang='lat' dir='ltr'><strong>quod</strong></span> <span class='ocrx_word' id='word_1_178' title='bbox 2979 1209 3205 1274; x_wconf 80' lang='lat' dir='ltr'><strong>amplius</strong></span> <span class='ocrx_word' id='word_1_179' title='bbox 3233 1223 3300 1264; x_wconf 84' lang='lat' dir='ltr'><strong>ex</strong></span> <span class='ocrx_word' id='word_1_180' title='bbox 3327 1225 3444 1264; x_wconf 80' lang='lat' dir='ltr'><strong>me-</strong></span> 
     </span>
    </p>
   </div>
   <div class='ocr_carea' id='block_1_27' title="bbox 1890 1290 3445 1362">
    <p class='ocr_par' dir='ltr' id='par_1_27' title="bbox 1890 1290 3445 1362">
     <span class='ocr_line' id='line_1_27' title="bbox 1890 1290 3445 1362; baseline 0.005 -17"><span class='ocrx_word' id='word_1_181' title='bbox 1890 1290 2084 1346; x_wconf 88' lang='lat' dir='ltr'><strong>dietate</strong></span> <span class='ocrx_word' id='word_1_182' title='bbox 2111 1292 2226 1361; x_wconf 90' lang='lat' dir='ltr'><strong>ejus</strong></span> <span class='ocrx_word' id='word_1_183' title='bbox 2252 1293 2459 1362; x_wconf 88' lang='lat' dir='ltr'><strong>operies</strong></span> <span class='ocrx_word' id='word_1_184' title='bbox 2491 1295 2775 1362; x_wconf 86' lang='lat' dir='ltr'><strong>posteriora</strong></span> <span class='ocrx_word' id='word_1_185' title='bbox 2811 1296 3158 1352; x_wconf 76' lang='lat' dir='ltr'><strong>tabernaculi.</strong></span> <span class='ocrx_word' id='word_1_186' title='bbox 3190 1297 3445 1354; x_wconf 73' lang='lat' dir='ltr'><strong>Medicus</strong></span> 
     </span>
    </p>
   </div>
   <div class='ocr_carea' id='block_1_28' title="bbox 1891 1376 3464 1459">
    <p class='ocr_par' dir='ltr' id='par_1_28' title="bbox 1891 1376 3464 1459">
     <span class='ocr_line' id='line_1_28' title="bbox 1891 1376 3464 1459; baseline 0.003 -22"><span class='ocrx_word' id='word_1_187' title='bbox 1891 1398 2116 1450; x_wconf 85' lang='lat' dir='ltr'><strong>namque</strong></span> <span class='ocrx_word' id='word_1_188' title='bbox 2162 1376 2302 1453; x_wconf 83' lang='lat' dir='ltr'><strong>sagi,</strong></span> <span class='ocrx_word' id='word_1_189' title='bbox 2352 1383 2405 1438; x_wconf 89' lang='lat' dir='ltr'><strong>in</strong></span> <span class='ocrx_word' id='word_1_190' title='bbox 2435 1383 2710 1440; x_wconf 86' lang='lat' dir='ltr'><strong>latitudine</strong></span> <span class='ocrx_word' id='word_1_191' title='bbox 2739 1385 2844 1439; x_wconf 81' lang='lat' dir='ltr'><strong>dua</strong></span> <span class='ocrx_word' id='word_1_192' title='bbox 2868 1395 2989 1439; x_wconf 89' lang='lat' dir='ltr'><strong>sunt</strong></span> <span class='ocrx_word' id='word_1_193' title='bbox 3024 1386 3208 1449; x_wconf 86' lang='lat' dir='ltr'><strong>cubiti,</strong></span> <span class='ocrx_word' id='word_1_194' title='bbox 3251 1403 3311 1441; x_wconf 86' lang='lat' dir='ltr'><strong>ex</strong></span> <span class='ocrx_word' id='word_1_195' title='bbox 3343 1403 3464 1459; x_wconf 68' lang='lat' dir='ltr'><strong>qua</strong></span> 
     </span>
    </p>
   </div>
   <div class='ocr_carea' id='block_1_29' title="bbox 1890 1473 3445 1544">
    <p class='ocr_par' dir='ltr' id='par_1_29' title="bbox 1890 1473 3445 1544">
     <span class='ocr_line' id='line_1_29' title="bbox 1890 1473 3445 1544; baseline 0.004 -17"><span class='ocrx_word' id='word_1_196' title='bbox 1890 1473 2136 1528; x_wconf 76' lang='lat' dir='ltr'><strong>videlicet</strong></span> <span class='ocrx_word' id='word_1_197' title='bbox 2175 1473 2454 1530; x_wconf 87' lang='lat' dir='ltr'><strong>medietate</strong></span> <span class='ocrx_word' id='word_1_198' title='bbox 2487 1475 2922 1544; x_wconf 88' lang='lat' dir='ltr'><strong>cooperiebantur</strong></span> <span class='ocrx_word' id='word_1_199' title='bbox 2951 1477 3240 1544; x_wconf 82' lang='lat' dir='ltr'><strong>posteriora</strong></span> <span class='ocrx_word' id='word_1_200' title='bbox 3272 1478 3445 1532; x_wconf 75' lang='lat' dir='ltr'><strong>taber-</strong></span> 
     </span>
    </p>
   </div>
   <div class='ocr_carea' id='block_1_30' title="bbox 1893 1560 3461 1634">
    <p class='ocr_par' dir='ltr' id='par_1_30' title="bbox 1893 1560 3461 1634">
     <span class='ocr_line' id='line_1_30' title="bbox 1893 1560 3461 1634; baseline 0.003 -17"><span class='ocrx_word' id='word_1_201' title='bbox 1893 1563 2090 1626; x_wconf 88' lang='lat' dir='ltr'><strong>naculi,</strong></span> <span class='ocrx_word' id='word_1_202' title='bbox 2121 1560 2172 1617; x_wconf 90' lang='lat' dir='ltr'><strong>id</strong></span> <span class='ocrx_word' id='word_1_203' title='bbox 2203 1572 2285 1618; x_wconf 89' lang='lat' dir='ltr'><strong>est</strong></span> <span class='ocrx_word' id='word_1_204' title='bbox 2323 1563 2639 1619; x_wconf 89' lang='lat' dir='ltr'><strong>cortinarum</strong></span> <span class='ocrx_word' id='word_1_205' title='bbox 2669 1580 2786 1634; x_wconf 66' lang='lat' dir='ltr'><strong>quae</strong></span> <span class='ocrx_word' id='word_1_206' title='bbox 2813 1565 3021 1632; x_wconf 82' lang='lat' dir='ltr'><strong>proprie</strong></span> <span class='ocrx_word' id='word_1_207' title='bbox 3051 1564 3461 1621; x_wconf 77' lang='lat' dir='ltr'><strong>tabernaculum</strong></span> 
     </span>
    </p>
   </div>
   <div class='ocr_carea' id='block_1_31' title="bbox 1895 1654 3443 1726">
    <p class='ocr_par' dir='ltr' id='par_1_31' title="bbox 1895 1654 3443 1726">
     <span class='ocr_line' id='line_1_31' title="bbox 1895 1654 3443 1726; baseline 0.003 -18"><span class='ocrx_word' id='word_1_208' title='bbox 1895 1654 2234 1718; x_wconf 78' lang='lat' dir='ltr'><strong>vocabantur,</strong></span> <span class='ocrx_word' id='word_1_209' title='bbox 2265 1654 2384 1724; x_wconf 83' lang='lat' dir='ltr'><strong>quia</strong></span> <span class='ocrx_word' id='word_1_210' title='bbox 2413 1654 2620 1710; x_wconf 89' lang='lat' dir='ltr'><strong>duobus</strong></span> <span class='ocrx_word' id='word_1_211' title='bbox 2645 1655 2833 1710; x_wconf 88' lang='lat' dir='ltr'><strong>cubitis</strong></span> <span class='ocrx_word' id='word_1_212' title='bbox 2862 1671 2985 1720; x_wconf 87' lang='lat' dir='ltr'><strong>eas,</strong></span> <span class='ocrx_word' id='word_1_213' title='bbox 3018 1666 3074 1710; x_wconf 92' lang='lat' dir='ltr'><strong>ut</strong></span> <span class='ocrx_word' id='word_1_214' title='bbox 3104 1657 3352 1726; x_wconf 76' lang='lat' dir='ltr'><strong>diximus,</strong></span> <span class='ocrx_word' id='word_1_215' title='bbox 3379 1659 3443 1714; x_wconf 88' lang='lat' dir='ltr'><strong>ad</strong></span> 
     </span>
    </p>
   </div>
   <div class='ocr_carea' id='block_1_32' title="bbox 1895 1741 3447 1813">
    <p class='ocr_par' dir='ltr' id='par_1_32' title="bbox 1895 1741 3447 1813">
     <span class='ocr_line' id='line_1_32' title="bbox 1895 1741 3447 1813; baseline 0.005 -16"><span class='ocrx_word' id='word_1_216' title='bbox 1895 1741 2140 1798; x_wconf 79' lang='lat' dir='ltr'><strong>inferiora</strong></span> <span class='ocrx_word' id='word_1_217' title='bbox 2176 1745 2396 1799; x_wconf 84' lang='lat' dir='ltr'><strong>tendens</strong></span> <span class='ocrx_word' id='word_1_218' title='bbox 2439 1759 2620 1813; x_wconf 90' lang='lat' dir='ltr'><strong>sagum</strong></span> <span class='ocrx_word' id='word_1_219' title='bbox 2662 1745 2899 1800; x_wconf 77' lang='lat' dir='ltr'><strong>ultimum</strong></span> <span class='ocrx_word' id='word_1_220' title='bbox 2954 1747 3258 1803; x_wconf 88' lang='lat' dir='ltr'><strong>transiebat.</strong></span> <span class='ocrx_word' id='word_1_221' title='bbox 3290 1746 3447 1805; x_wconf 58' lang='lat' dir='ltr'><strong>Item-</strong></span> 
     </span>
    </p>
   </div>
   <div class='ocr_carea' id='block_1_33' title="bbox 236 1816 3449 1905">
    <p class='ocr_par' dir='ltr' id='par_1_33' title="bbox 236 1816 3449 1905">
     <span class='ocr_line' id='line_1_33' title="bbox 236 1816 3449 1905; baseline 0.004 -25"><span class='ocrx_word' id='word_1_222' title='bbox 236 1827 578 1895; x_wconf 73' lang='lat' dir='ltr'><strong>longitudinis</strong></span> <span class='ocrx_word' id='word_1_223' title='bbox 608 1826 789 1896; x_wconf 79' lang='lat' dir='ltr'><strong>viginti</strong></span> <span class='ocrx_word' id='word_1_224' title='bbox 815 1835 934 1881; x_wconf 93' lang='lat' dir='ltr'><strong>octo</strong></span> <span class='ocrx_word' id='word_1_225' title='bbox 959 1827 1185 1892; x_wconf 85' lang='lat' dir='ltr'><strong>cubitos,</strong></span> <span class='ocrx_word' id='word_1_226' title='bbox 1214 1827 1505 1881; x_wconf 81' lang='lat' dir='ltr'><strong>latitudinis</strong></span> <span class='ocrx_word' id='word_1_227' title='bbox 1542 1839 1788 1895; x_wconf 77' lang='lat' dir='ltr'><strong>quatuor,</strong></span> <span class='ocrx_word' id='word_1_228' title='bbox 1820 1816 1867 1877; x_wconf 79' lang='grc' dir='ltr'><strong>Β</strong></span> <span class='ocrx_word' id='word_1_229' title='bbox 1893 1845 1996 1900; x_wconf 87' lang='lat' dir='ltr'><strong>que</strong></span> <span class='ocrx_word' id='word_1_230' title='bbox 2025 1847 2148 1899; x_wconf 84' lang='lat' dir='ltr'><strong>saga</strong></span> <span class='ocrx_word' id='word_1_231' title='bbox 2170 1832 2401 1902; x_wconf 86' lang='lat' dir='ltr'><strong>desuper</strong></span> <span class='ocrx_word' id='word_1_232' title='bbox 2444 1835 2726 1897; x_wconf 77' lang='lat' dir='ltr'><strong>venientia.</strong></span> <span class='ocrx_word' id='word_1_233' title='bbox 2757 1845 2959 1905; x_wconf 84' lang='lat' dir='ltr'><strong>septem</strong></span> <span class='ocrx_word' id='word_1_234' title='bbox 2996 1838 3327 1894; x_wconf 80' lang='lat' dir='ltr'><strong>solummodo</strong></span> <span class='ocrx_word' id='word_1_235' title='bbox 3353 1855 3449 1895; x_wconf 67' lang='lat' dir='ltr'><strong>cuo</strong></span> 
     </span>
    </p>
   </div>
   <div class='ocr_carea' id='block_1_34' title="bbox 240 1916 1790 1985">
    <p class='ocr_par' dir='ltr' id='par_1_34' title="bbox 240 1916 1790 1985">
     <span class='ocr_line' id='line_1_34' title="bbox 240 1916 1790 1985; baseline 0.003 -17"><span class='ocrx_word' id='word_1_236' title='bbox 240 1931 360 1984; x_wconf 60' lang='lat' dir='ltr'><strong>qua</strong></span> <span class='ocrx_word' id='word_1_237' title='bbox 388 1917 543 1970; x_wconf 88' lang='lat' dir='ltr'><strong>simul</strong></span> <span class='ocrx_word' id='word_1_238' title='bbox 572 1916 795 1984; x_wconf 70' lang='lat' dir='ltr'><strong>junctae,</strong></span> <span class='ocrx_word' id='word_1_239' title='bbox 823 1927 875 1971; x_wconf 91' lang='lat' dir='ltr'><strong>ct</strong></span> <span class='ocrx_word' id='word_1_240' title='bbox 905 1917 956 1971; x_wconf 93' lang='lat' dir='ltr'><strong>in</strong></span> <span class='ocrx_word' id='word_1_241' title='bbox 1004 1934 1164 1972; x_wconf 90' lang='lat' dir='ltr'><strong>unum</strong></span> <span class='ocrx_word' id='word_1_242' title='bbox 1202 1918 1523 1985; x_wconf 64' lang='lat' dir='ltr'><strong>compositas,</strong></span> <span class='ocrx_word' id='word_1_243' title='bbox 1552 1919 1790 1972; x_wconf 86' lang='lat' dir='ltr'><strong>taberna-</strong></span> 
     </span>
    </p>
   </div>
   <div class='ocr_carea' id='block_1_35' title="bbox 235 2007 1786 2078">
    <p class='ocr_par' dir='ltr' id='par_1_35' title="bbox 235 2007 1786 2078">
     <span class='ocr_line' id='line_1_35' title="bbox 235 2007 1786 2078; baseline 0.001 -17"><span class='ocrx_word' id='word_1_244' title='bbox 235 2009 415 2061; x_wconf 90' lang='lat' dir='ltr'><strong>culum</strong></span> <span class='ocrx_word' id='word_1_245' title='bbox 447 2009 734 2076; x_wconf 87' lang='lat' dir='ltr'><strong>implebant</strong></span> <span class='ocrx_word' id='word_1_246' title='bbox 779 2007 848 2063; x_wconf 91' lang='lat' dir='ltr'><strong>de</strong></span> <span class='ocrx_word' id='word_1_247' title='bbox 892 2008 1163 2064; x_wconf 86' lang='lat' dir='ltr'><strong>latitudine</strong></span> <span class='ocrx_word' id='word_1_248' title='bbox 1207 2024 1301 2064; x_wconf 87' lang='lat' dir='ltr'><strong>sua</strong></span> <span class='ocrx_word' id='word_1_249' title='bbox 1340 2009 1542 2064; x_wconf 88' lang='lat' dir='ltr'><strong>cubitos</strong></span> <span class='ocrx_word' id='word_1_250' title='bbox 1569 2009 1786 2078; x_wconf 84' lang='lat' dir='ltr'><strong>quadra-</strong></span> 
     </span>
    </p>
   </div>
   <div class='ocr_carea' id='block_1_36' title="bbox 236 2097 1791 2170">
    <p class='ocr_par' dir='ltr' id='par_1_36' title="bbox 236 2097 1791 2170">
     <span class='ocr_line' id='line_1_36' title="bbox 236 2097 1791 2170; baseline 0.005 -23"><span class='ocrx_word' id='word_1_251' title='bbox 236 2098 406 2166; x_wconf 84' lang='lat' dir='ltr'><strong>ginta.</strong></span> <span class='ocrx_word' id='word_1_252' title='bbox 436 2097 708 2166; x_wconf 83' lang='lat' dir='ltr'><strong>Suspen‘de</strong></span> <span class='ocrx_word' id='word_1_253' title='bbox 739 2098 895 2167; x_wconf 87' lang='lat' dir='ltr'><strong>igitur</strong></span> <span class='ocrx_word' id='word_1_254' title='bbox 923 2099 1171 2164; x_wconf 88' lang='lat' dir='ltr'><strong>cortinas,</strong></span> <span class='ocrx_word' id='word_1_255' title='bbox 1198 2113 1314 2168; x_wconf 63' lang='lat' dir='ltr'><strong>qua</strong></span> <span class='ocrx_word' id='word_1_256' title='bbox 1352 2099 1548 2154; x_wconf 84' lang='lat' dir='ltr'><strong>habent</strong></span> <span class='ocrx_word' id='word_1_257' title='bbox 1574 2100 1791 2170; x_wconf 66' lang='lat' dir='ltr'><strong>singulm</strong></span> 
     </span>
    </p>
   </div>
   <div class='ocr_carea' id='block_1_37' title="bbox 239 2188 1792 2261">
    <p class='ocr_par' dir='ltr' id='par_1_37' title="bbox 239 2188 1792 2261">
     <span class='ocr_line' id='line_1_37' title="bbox 239 2188 1792 2261; baseline 0.004 -20"><span class='ocrx_word' id='word_1_258' title='bbox 239 2188 580 2258; x_wconf 77' lang='lat' dir='ltr'><strong>longitudinis</strong></span> <span class='ocrx_word' id='word_1_259' title='bbox 606 2189 786 2257; x_wconf 75' lang='lat' dir='ltr'><strong>viginti</strong></span> <span class='ocrx_word' id='word_1_260' title='bbox 803 2203 922 2244; x_wconf 88' lang='lat' dir='ltr'><strong>octo</strong></span> <span class='ocrx_word' id='word_1_261' title='bbox 934 2191 1159 2256; x_wconf 89' lang='lat' dir='ltr'><strong>cubitos,</strong></span> <span class='ocrx_word' id='word_1_262' title='bbox 1172 2201 1226 2246; x_wconf 90' lang='lat' dir='ltr'><strong>et</strong></span> <span class='ocrx_word' id='word_1_263' title='bbox 1245 2207 1379 2259; x_wconf 91' lang='lat' dir='ltr'><strong>pone</strong></span> <span class='ocrx_word' id='word_1_264' title='bbox 1394 2191 1445 2246; x_wconf 87' lang='lat' dir='ltr'><strong>in</strong></span> <span class='ocrx_word' id='word_1_265' title='bbox 1462 2192 1620 2247; x_wconf 90' lang='lat' dir='ltr'><strong>domo</strong></span> <span class='ocrx_word' id='word_1_266' title='bbox 1639 2193 1792 2261; x_wconf 78' lang='lat' dir='ltr'><strong>cujus</strong></span> 
     </span>
    </p>
   </div>
   <div class='ocr_carea' id='block_1_38' title="bbox 236 2281 1792 2352">
    <p class='ocr_par' dir='ltr' id='par_1_38' title="bbox 236 2281 1792 2352">
     <span class='ocr_line' id='line_1_38' title="bbox 236 2281 1792 2352; baseline 0.003 -18"><span class='ocrx_word' id='word_1_267' title='bbox 236 2289 321 2334; x_wconf 85' lang='lat' dir='ltr'><strong>est</strong></span> <span class='ocrx_word' id='word_1_268' title='bbox 343 2295 584 2334; x_wconf 86' lang='lat' dir='ltr'><strong>mensura</strong></span> <span class='ocrx_word' id='word_1_269' title='bbox 606 2281 657 2333; x_wconf 91' lang='lat' dir='ltr'><strong>in</strong></span> <span class='ocrx_word' id='word_1_270' title='bbox 674 2292 1027 2336; x_wconf 78' lang='lat' dir='ltr'><strong>transversum</strong></span> <span class='ocrx_word' id='word_1_271' title='bbox 1045 2283 1254 2352; x_wconf 84' lang='lat' dir='ltr'><strong>triginta</strong></span> <span class='ocrx_word' id='word_1_272' title='bbox 1268 2284 1494 2350; x_wconf 86' lang='lat' dir='ltr'><strong>cubitos,</strong></span> <span class='ocrx_word' id='word_1_273' title='bbox 1513 2292 1566 2339; x_wconf 90' lang='lat' dir='ltr'><strong>et</strong></span> <span class='ocrx_word' id='word_1_274' title='bbox 1587 2284 1792 2339; x_wconf 85' lang='lat' dir='ltr'><strong>videbis</strong></span> 
     </span>
    </p>
   </div>
   <div class='ocr_carea' id='block_1_39' title="bbox 233 2371 1791 2443">
    <p class='ocr_par' dir='ltr' id='par_1_39' title="bbox 233 2371 1791 2443">
     <span class='ocr_line' id='line_1_39' title="bbox 233 2371 1791 2443; baseline 0.002 -19"><span class='ocrx_word' id='word_1_275' title='bbox 233 2373 358 2441; x_wconf 87' lang='lat' dir='ltr'><strong>quia</strong></span> <span class='ocrx_word' id='word_1_276' title='bbox 371 2372 587 2427; x_wconf 76' lang='lat' dir='ltr'><strong>cortina:</strong></span> <span class='ocrx_word' id='word_1_277' title='bbox 601 2371 863 2426; x_wconf 87' lang='lat' dir='ltr'><strong>habebunt</strong></span> <span class='ocrx_word' id='word_1_278' title='bbox 874 2371 926 2426; x_wconf 91' lang='lat' dir='ltr'><strong>in</strong></span> <span class='ocrx_word' id='word_1_279' title='bbox 940 2373 1377 2443; x_wconf 52' lang='lat' dir='ltr'><strong>aequalitate-quae</strong></span> <span class='ocrx_word' id='word_1_280' title='bbox 1392 2381 1473 2427; x_wconf 88' lang='lat' dir='ltr'><strong>est</strong></span> <span class='ocrx_word' id='word_1_281' title='bbox 1485 2374 1620 2427; x_wconf 76' lang='lat' dir='ltr'><strong>inter</strong></span> <span class='ocrx_word' id='word_1_282' title='bbox 1633 2371 1791 2441; x_wconf 89' lang='lat' dir='ltr'><strong>parie-</strong></span> 
     </span>
    </p>
   </div>
   <div class='ocr_carea' id='block_1_40' title="bbox 232 2461 1790 2531">
    <p class='ocr_par' dir='ltr' id='par_1_40' title="bbox 232 2461 1790 2531">
     <span class='ocr_line' id='line_1_40' title="bbox 232 2461 1790 2531; baseline 0.001 -17"><span class='ocrx_word' id='word_1_283' title='bbox 232 2473 335 2526; x_wconf 68' lang='lat' dir='ltr'><strong>tes,</strong></span> <span class='ocrx_word' id='word_1_284' title='bbox 351 2463 555 2516; x_wconf 89' lang='lat' dir='ltr'><strong>cubitos</strong></span> <span class='ocrx_word' id='word_1_285' title='bbox 569 2463 758 2526; x_wconf 81' lang='lat' dir='ltr'><strong>denos;</strong></span> <span class='ocrx_word' id='word_1_286' title='bbox 770 2461 822 2516; x_wconf 91' lang='lat' dir='ltr'><strong>in</strong></span> <span class='ocrx_word' id='word_1_287' title='bbox 838 2477 1058 2518; x_wconf 85' lang='lat' dir='ltr'><strong>ascensu</strong></span> <span class='ocrx_word' id='word_1_288' title='bbox 1070 2473 1267 2526; x_wconf 89' lang='lat' dir='ltr'><strong>autem,</strong></span> <span class='ocrx_word' id='word_1_289' title='bbox 1284 2463 1396 2522; x_wconf 82' lang='lat' dir='ltr'><strong>sive</strong></span> <span class='ocrx_word' id='word_1_290' title='bbox 1413 2463 1790 2531; x_wconf 75' lang='lat' dir='ltr'><strong>descensu,qui</strong></span> 
     </span>
    </p>
   </div>
   <div class='ocr_carea' id='block_1_41' title="bbox 232 2551 1790 2625">
    <p class='ocr_par' dir='ltr' id='par_1_41' title="bbox 232 2551 1790 2625">
     <span class='ocr_line' id='line_1_41' title="bbox 232 2551 1790 2625; baseline 0.004 -20"><span class='ocrx_word' id='word_1_291' title='bbox 232 2560 318 2605; x_wconf 72' lang='lat' dir='ltr'><strong>est</strong></span> <span class='ocrx_word' id='word_1_292' title='bbox 337 2551 484 2620; x_wconf 80' lang='lat' dir='ltr'><strong>juxta</strong></span> <span class='ocrx_word' id='word_1_293' title='bbox 516 2553 772 2621; x_wconf 77' lang='lat' dir='ltr'><strong>parietes,</strong></span> <span class='ocrx_word' id='word_1_294' title='bbox 791 2553 1053 2608; x_wconf 86' lang='lat' dir='ltr'><strong>habebunt</strong></span> <span class='ocrx_word' id='word_1_295' title='bbox 1092 2553 1295 2610; x_wconf 69' lang='lat' dir='ltr'><strong>cub‘tas</strong></span> <span class='ocrx_word' id='word_1_296' title='bbox 1316 2569 1568 2610; x_wconf 89' lang='lat' dir='ltr'><strong>novenos.</strong></span> <span class='ocrx_word' id='word_1_297' title='bbox 1599 2556 1790 2625; x_wconf 86' lang='lat' dir='ltr'><strong>Sicque</strong></span> 
     </span>
    </p>
   </div>
   <div class='ocr_carea' id='block_1_42' title="bbox 233 2641 1791 2716">
    <p class='ocr_par' dir='ltr' id='par_1_42' title="bbox 233 2641 1791 2716">
     <span class='ocr_line' id='line_1_42' title="bbox 233 2641 1791 2716; baseline 0.004 -23"><span class='ocrx_word' id='word_1_298' title='bbox 233 2641 292 2693; x_wconf 79' lang='lat' dir='ltr'><strong>ﬁt</strong></span> <span class='ocrx_word' id='word_1_299' title='bbox 323 2648 377 2692; x_wconf 90' lang='lat' dir='ltr'><strong>ut</strong></span> <span class='ocrx_word' id='word_1_300' title='bbox 401 2641 673 2696; x_wconf 89' lang='lat' dir='ltr'><strong>summitas</strong></span> <span class='ocrx_word' id='word_1_301' title='bbox 701 2643 1018 2697; x_wconf 84' lang='lat' dir='ltr'><strong>cortinarum</strong></span> <span class='ocrx_word' id='word_1_302' title='bbox 1048 2653 1242 2698; x_wconf 88' lang='lat' dir='ltr'><strong>terram</strong></span> <span class='ocrx_word' id='word_1_303' title='bbox 1283 2654 1497 2716; x_wconf 86' lang='lat' dir='ltr'><strong>tangere</strong></span> <span class='ocrx_word' id='word_1_304' title='bbox 1525 2661 1628 2699; x_wconf 89' lang='lat' dir='ltr'><strong>non</strong></span> <span class='ocrx_word' id='word_1_305' title='bbox 1671 2659 1791 2713; x_wconf 80' lang='lat' dir='ltr'><strong>pos-</strong></span> 
     </span>
    </p>
   </div>
   <div class='ocr_carea' id='block_1_43' title="bbox 231 2731 1789 2795">
    <p class='ocr_par' dir='ltr' id='par_1_43' title="bbox 231 2731 1789 2795">
     <span class='ocr_line' id='line_1_43' title="bbox 231 2731 1789 2795; baseline 0.004 -11"><span class='ocrx_word' id='word_1_306' title='bbox 231 2731 322 2795; x_wconf 87' lang='lat' dir='ltr'><strong>sit,</strong></span> <span class='ocrx_word' id='word_1_307' title='bbox 362 2732 454 2785; x_wconf 85' lang='lat' dir='ltr'><strong>sed</strong></span> <span class='ocrx_word' id='word_1_308' title='bbox 481 2746 724 2786; x_wconf 90' lang='lat' dir='ltr'><strong>mensura</strong></span> <span class='ocrx_word' id='word_1_309' title='bbox 755 2734 908 2787; x_wconf 88' lang='lat' dir='ltr'><strong>unius</strong></span> <span class='ocrx_word' id='word_1_310' title='bbox 934 2733 1092 2787; x_wconf 82' lang='lat' dir='ltr'><strong>cubiti</strong></span> <span class='ocrx_word' id='word_1_311' title='bbox 1121 2750 1150 2789; x_wconf 94' lang='lat' dir='ltr'><strong>a</strong></span> <span class='ocrx_word' id='word_1_312' title='bbox 1179 2745 1318 2789; x_wconf 89' lang='lat' dir='ltr'><strong>terra</strong></span> <span class='ocrx_word' id='word_1_313' title='bbox 1343 2737 1435 2790; x_wconf 91' lang='lat' dir='ltr'><strong>alti</strong></span> <span class='ocrx_word' id='word_1_314' title='bbox 1457 2751 1500 2789; x_wconf 75' lang='lat' dir='ltr'><strong>ll&#39;</strong></span> <span class='ocrx_word' id='word_1_315' title='bbox 1537 2736 1622 2788; x_wconf 86' lang='lat' dir='ltr'><strong>sit.</strong></span> <span class='ocrx_word' id='word_1_316' title='bbox 1663 2735 1789 2790; x_wconf 89' lang='lat' dir='ltr'><strong>ltem</strong></span> 
     </span>
    </p>
   </div>
   <div class='ocr_carea' id='block_1_44' title="bbox 233 2816 1788 2891">
    <p class='ocr_par' dir='ltr' id='par_1_44' title="bbox 233 2816 1788 2891">
     <span class='ocr_line' id='line_1_44' title="bbox 233 2816 1788 2891; baseline 0.005 -23"><span class='ocrx_word' id='word_1_317' title='bbox 233 2816 439 2878; x_wconf 83' lang='lat' dir='ltr'><strong>videbis</strong></span> <span class='ocrx_word' id='word_1_318' title='bbox 464 2817 602 2887; x_wconf 90' lang='lat' dir='ltr'><strong>quod</strong></span> <span class='ocrx_word' id='word_1_319' title='bbox 640 2816 857 2872; x_wconf 68' lang='lat' dir='ltr'><strong>cortinae</strong></span> <span class='ocrx_word' id='word_1_320' title='bbox 880 2818 1073 2872; x_wconf 89' lang='lat' dir='ltr'><strong>habent</strong></span> <span class='ocrx_word' id='word_1_321' title='bbox 1099 2822 1148 2872; x_wconf 87' lang='lat' dir='ltr'><strong>itt</strong></span> <span class='ocrx_word' id='word_1_322' title='bbox 1177 2821 1477 2887; x_wconf 58' lang='lat' dir='ltr'><strong>aequalitate</strong></span> <span class='ocrx_word' id='word_1_323' title='bbox 1503 2836 1594 2889; x_wconf 86' lang='lat' dir='ltr'><strong>per</strong></span> <span class='ocrx_word' id='word_1_324' title='bbox 1624 2822 1788 2891; x_wconf 85' lang='lat' dir='ltr'><strong>longi-</strong></span> 
     </span>
    </p>
   </div>
   <div class='ocr_carea' id='block_1_45' title="bbox 232 2907 1786 2979">
    <p class='ocr_par' dir='ltr' id='par_1_45' title="bbox 232 2907 1786 2979">
     <span class='ocr_line' id='line_1_45' title="bbox 232 2907 1786 2979; baseline 0.003 -18"><span class='ocrx_word' id='word_1_325' title='bbox 232 2907 471 2961; x_wconf 87' lang='lat' dir='ltr'><strong>todiuetn</strong></span> <span class='ocrx_word' id='word_1_326' title='bbox 502 2909 690 2963; x_wconf 86' lang='lat' dir='ltr'><strong>domus</strong></span> <span class='ocrx_word' id='word_1_327' title='bbox 731 2908 935 2964; x_wconf 81' lang='lat' dir='ltr'><strong>cubitos</strong></span> <span class='ocrx_word' id='word_1_328' title='bbox 970 2909 1215 2979; x_wconf 80' lang='lat' dir='ltr'><strong>triginta;</strong></span> <span class='ocrx_word' id='word_1_329' title='bbox 1246 2911 1297 2966; x_wconf 92' lang='lat' dir='ltr'><strong>in</strong></span> <span class='ocrx_word' id='word_1_330' title='bbox 1317 2925 1560 2974; x_wconf 58' lang='lat' dir='ltr'><strong>,ascenau</strong></span> <span class='ocrx_word' id='word_1_331' title='bbox 1589 2922 1786 2977; x_wconf 86' lang='lat' dir='ltr'><strong>autem,</strong></span> 
     </span>
    </p>
   </div>
   <div class='ocr_carea' id='block_1_46' title="bbox 238 2996 1789 3067">
    <p class='ocr_par' dir='ltr' id='par_1_46' title="bbox 238 2996 1789 3067">
     <span class='ocr_line' id='line_1_46' title="bbox 238 2996 1789 3067; baseline 0.002 -13"><span class='ocrx_word' id='word_1_332' title='bbox 238 2999 354 3054; x_wconf 83' lang='lat' dir='ltr'><strong>sive</strong></span> <span class='ocrx_word' id='word_1_333' title='bbox 380 2996 658 3063; x_wconf 86' lang='lat' dir='ltr'><strong>descensu,</strong></span> <span class='ocrx_word' id='word_1_334' title='bbox 686 2999 775 3067; x_wconf 88' lang='lat' dir='ltr'><strong>qui</strong></span> <span class='ocrx_word' id='word_1_335' title='bbox 816 3007 900 3054; x_wconf 90' lang='lat' dir='ltr'><strong>est</strong></span> <span class='ocrx_word' id='word_1_336' title='bbox 927 2999 978 3054; x_wconf 90' lang='lat' dir='ltr'><strong>in</strong></span> <span class='ocrx_word' id='word_1_337' title='bbox 1008 3001 1250 3055; x_wconf 88' lang='lat' dir='ltr'><strong>orientali</strong></span> <span class='ocrx_word' id='word_1_338' title='bbox 1280 3009 1336 3057; x_wconf 80' lang='lat' dir='ltr'><strong>et</strong></span> <span class='ocrx_word' id='word_1_339' title='bbox 1372 3002 1681 3057; x_wconf 87' lang='lat' dir='ltr'><strong>occidentali</strong></span> <span class='ocrx_word' id='word_1_340' title='bbox 1710 3002 1789 3057; x_wconf 82' lang='lat' dir='ltr'><strong>la-</strong></span> 
     </span>
    </p>
   </div>
   <div class='ocr_carea' id='block_1_47' title="bbox 1891 1919 3441 1993">
    <p class='ocr_par' dir='ltr' id='par_1_47' title="bbox 1891 1919 3441 1993">
     <span class='ocr_line' id='line_1_47' title="bbox 1891 1919 3441 1993; baseline 0.008 -19"><span class='ocrx_word' id='word_1_341' title='bbox 1891 1919 2032 1974; x_wconf 89' lang='lat' dir='ltr'><strong>hitos</strong></span> <span class='ocrx_word' id='word_1_342' title='bbox 2058 1923 2399 1978; x_wconf 87' lang='lat' dir='ltr'><strong>occidentalis</strong></span> <span class='ocrx_word' id='word_1_343' title='bbox 2427 1923 2643 1993; x_wconf 88' lang='lat' dir='ltr'><strong>parietis</strong></span> <span class='ocrx_word' id='word_1_344' title='bbox 2677 1926 3047 1993; x_wconf 84' lang='lat' dir='ltr'><strong>conperiehant</strong></span> <span class='ocrx_word' id='word_1_345' title='bbox 3076 1947 3090 1982; x_wconf 89' lang='lat'><strong>:</strong></span> <span class='ocrx_word' id='word_1_346' title='bbox 3137 1944 3234 1984; x_wconf 89' lang='lat' dir='ltr'><strong>nec</strong></span> <span class='ocrx_word' id='word_1_347' title='bbox 3272 1939 3441 1986; x_wconf 86' lang='lat' dir='ltr'><strong>tamen</strong></span> 
     </span>
    </p>
   </div>
   <div class='ocr_carea' id='block_1_48' title="bbox 1893 2012 3447 2088">
    <p class='ocr_par' dir='ltr' id='par_1_48' title="bbox 1893 2012 3447 2088">
     <span class='ocr_line' id='line_1_48' title="bbox 1893 2012 3447 2088; baseline 0.012 -28"><span class='ocrx_word' id='word_1_348' title='bbox 1893 2019 2002 2064; x_wconf 86' lang='lat' dir='ltr'><strong>tres</strong></span> <span class='ocrx_word' id='word_1_349' title='bbox 2035 2012 2240 2081; x_wconf 86' lang='lat' dir='ltr'><strong>reliqui,</strong></span> <span class='ocrx_word' id='word_1_350' title='bbox 2276 2014 2360 2080; x_wconf 85' lang='lat' dir='ltr'><strong>qui</strong></span> <span class='ocrx_word' id='word_1_351' title='bbox 2393 2025 2774 2082; x_wconf 86' lang='lat' dir='ltr'><strong>remanserant,</strong></span> <span class='ocrx_word' id='word_1_352' title='bbox 2806 2033 2969 2088; x_wconf 89' lang='lat' dir='ltr'><strong>usque</strong></span> <span class='ocrx_word' id='word_1_353' title='bbox 2996 2019 3064 2074; x_wconf 86' lang='lat' dir='ltr'><strong>ad</strong></span> <span class='ocrx_word' id='word_1_354' title='bbox 3104 2029 3298 2076; x_wconf 86' lang='lat' dir='ltr'><strong>terram</strong></span> <span class='ocrx_word' id='word_1_355' title='bbox 3325 2023 3447 2079; x_wconf 88' lang='lat' dir='ltr'><strong>nudi</strong></span> 
     </span>
    </p>
   </div>
   <div class='ocr_carea' id='block_1_49' title="bbox 1891 2102 3448 2174">
    <p class='ocr_par' dir='ltr' id='par_1_49' title="bbox 1891 2102 3448 2174">
     <span class='ocr_line' id='line_1_49' title="bbox 1891 2102 3448 2174; baseline 0.008 -19"><span class='ocrx_word' id='word_1_356' title='bbox 1891 2107 2259 2170; x_wconf 86' lang='lat' dir='ltr'><strong>tempestatum</strong></span> <span class='ocrx_word' id='word_1_357' title='bbox 2295 2102 2502 2174; x_wconf 75' lang='lat' dir='ltr'><strong>injuriis</strong></span> <span class='ocrx_word' id='word_1_358' title='bbox 2532 2106 2818 2173; x_wconf 84' lang='lat' dir='ltr'><strong>patebant;</strong></span> <span class='ocrx_word' id='word_1_359' title='bbox 2858 2107 2952 2162; x_wconf 89' lang='lat' dir='ltr'><strong>sed</strong></span> <span class='ocrx_word' id='word_1_360' title='bbox 2990 2107 3230 2166; x_wconf 88' lang='lat' dir='ltr'><strong>adductis</strong></span> <span class='ocrx_word' id='word_1_361' title='bbox 3270 2113 3338 2168; x_wconf 88' lang='lat' dir='ltr'><strong>ab</strong></span> <span class='ocrx_word' id='word_1_362' title='bbox 3369 2114 3448 2168; x_wconf 82' lang='lat' dir='ltr'><strong>iu-</strong></span> 
     </span>
    </p>
   </div>
   <div class='ocr_carea' id='block_1_50' title="bbox 1893 2193 3448 2275">
    <p class='ocr_par' dir='ltr' id='par_1_50' title="bbox 1893 2193 3448 2275">
     <span class='ocr_line' id='line_1_50' title="bbox 1893 2193 3448 2275; baseline 0.01 -29"><span class='ocrx_word' id='word_1_363' title='bbox 1893 2193 2061 2247; x_wconf 82' lang='lat' dir='ltr'><strong>vicem</strong></span> <span class='ocrx_word' id='word_1_364' title='bbox 2085 2194 2150 2248; x_wconf 89' lang='lat' dir='ltr'><strong>ab</strong></span> <span class='ocrx_word' id='word_1_365' title='bbox 2170 2202 2390 2263; x_wconf 90' lang='lat' dir='ltr'><strong>utroque</strong></span> <span class='ocrx_word' id='word_1_366' title='bbox 2412 2196 2574 2252; x_wconf 89' lang='lat' dir='ltr'><strong>latere</strong></span> <span class='ocrx_word' id='word_1_367' title='bbox 2601 2199 2740 2268; x_wconf 87' lang='lat' dir='ltr'><strong>sagis</strong></span> <span class='ocrx_word' id='word_1_368' title='bbox 2763 2213 3102 2268; x_wconf 85' lang='lat' dir='ltr'><strong>septenorum</strong></span> <span class='ocrx_word' id='word_1_369' title='bbox 3131 2204 3448 2275; x_wconf 84' lang='lat' dir='ltr'><strong>cubitorum,</strong></span> 
     </span>
    </p>
   </div>
   <div class='ocr_carea' id='block_1_51' title="bbox 1893 2282 3447 2363">
    <p class='ocr_par' dir='ltr' id='par_1_51' title="bbox 1893 2282 3447 2363">
     <span class='ocr_line' id='line_1_51' title="bbox 1893 2282 3447 2363; baseline 0.013 -31"><span class='ocrx_word' id='word_1_370' title='bbox 1893 2283 1981 2352; x_wconf 91' lang='lat' dir='ltr'><strong>qui</strong></span> <span class='ocrx_word' id='word_1_371' title='bbox 2003 2282 2374 2340; x_wconf 77' lang='lat' dir='ltr'><strong>deﬁcientibus</strong></span> <span class='ocrx_word' id='word_1_372' title='bbox 2393 2286 2678 2354; x_wconf 86' lang='lat' dir='ltr'><strong>parietibus</strong></span> <span class='ocrx_word' id='word_1_373' title='bbox 2699 2301 3027 2358; x_wconf 85' lang='lat' dir='ltr'><strong>supererant,</strong></span> <span class='ocrx_word' id='word_1_374' title='bbox 3047 2291 3128 2346; x_wconf 88' lang='lat' dir='ltr'><strong>bis</strong></span> <span class='ocrx_word' id='word_1_375' title='bbox 3159 2296 3447 2363; x_wconf 80' lang='lat' dir='ltr'><strong>posteriora</strong></span> 
     </span>
    </p>
   </div>
   <div class='ocr_carea' id='block_1_52' title="bbox 1844 2368 3445 2453">
    <p class='ocr_par' dir='ltr' id='par_1_52' title="bbox 1844 2368 3445 2453">
     <span class='ocr_line' id='line_1_52' title="bbox 1844 2368 3445 2453; baseline 0.01 -30"><span class='ocrx_word' id='word_1_376' title='bbox 1844 2433 1845 2436; x_wconf 23' lang='grc' dir='ltr'><strong>η</strong></span> <span class='ocrx_word' id='word_1_377' title='bbox 1892 2370 2081 2425; x_wconf 87' lang='lat' dir='ltr'><strong>domus</strong></span> <span class='ocrx_word' id='word_1_378' title='bbox 2125 2368 2426 2428; x_wconf 76' lang='lat' dir='ltr'><strong>ﬁrmissime</strong></span> <span class='ocrx_word' id='word_1_379' title='bbox 2467 2375 2532 2429; x_wconf 92' lang='lat' dir='ltr'><strong>ad</strong></span> <span class='ocrx_word' id='word_1_380' title='bbox 2585 2387 2773 2432; x_wconf 78' lang='lat' dir='ltr'><strong>terram</strong></span> <span class='ocrx_word' id='word_1_381' title='bbox 2803 2394 2970 2452; x_wconf 84' lang='lat' dir='ltr'><strong>usque</strong></span> <span class='ocrx_word' id='word_1_382' title='bbox 3010 2382 3445 2453; x_wconf 78' lang='lat' dir='ltr'><strong>contegebantur.</strong></span> 
     </span>
    </p>
   </div>
   <div class='ocr_carea' id='block_1_53' title="bbox 1892 2461 3445 2545">
    <p class='ocr_par' dir='ltr' id='par_1_53' title="bbox 1892 2461 3445 2545">
     <span class='ocr_line' id='line_1_53' title="bbox 1892 2461 3445 2545; baseline 0.012 -29"><span class='ocrx_word' id='word_1_383' title='bbox 1892 2461 2072 2531; x_wconf 75' lang='lat' dir='ltr'><strong>Neque</strong></span> <span class='ocrx_word' id='word_1_384' title='bbox 2097 2471 2270 2520; x_wconf 89' lang='lat' dir='ltr'><strong>autem</strong></span> <span class='ocrx_word' id='word_1_385' title='bbox 2301 2465 2414 2520; x_wconf 64' lang='lat' dir='ltr'><strong>haec</strong></span> <span class='ocrx_word' id='word_1_386' title='bbox 2446 2476 2643 2528; x_wconf 87' lang='lat' dir='ltr'><strong>tantum</strong></span> <span class='ocrx_word' id='word_1_387' title='bbox 2679 2468 2743 2522; x_wconf 88' lang='lat' dir='ltr'><strong>ad</strong></span> <span class='ocrx_word' id='word_1_388' title='bbox 2791 2469 3016 2527; x_wconf 80' lang='lat' dir='ltr'><strong>invicem</strong></span> <span class='ocrx_word' id='word_1_389' title='bbox 3046 2474 3364 2545; x_wconf 84' lang='lat' dir='ltr'><strong>pertingere,</strong></span> <span class='ocrx_word' id='word_1_390' title='bbox 3393 2487 3445 2534; x_wconf 90' lang='lat' dir='ltr'><strong>et</strong></span> 
     </span>
    </p>
   </div>
   <div class='ocr_carea' id='block_1_54' title="bbox 1894 2551 3442 2637">
    <p class='ocr_par' dir='ltr' id='par_1_54' title="bbox 1894 2551 3442 2637">
     <span class='ocr_line' id='line_1_54' title="bbox 1894 2551 3442 2637; baseline 0.012 -31"><span class='ocrx_word' id='word_1_391' title='bbox 1894 2551 2062 2608; x_wconf 89' lang='lat' dir='ltr'><strong>instar</strong></span> <span class='ocrx_word' id='word_1_392' title='bbox 2110 2553 2431 2610; x_wconf 88' lang='lat' dir='ltr'><strong>cortinarum</strong></span> <span class='ocrx_word' id='word_1_393' title='bbox 2471 2571 2589 2612; x_wconf 85' lang='lat' dir='ltr'><strong>sese</strong></span> <span class='ocrx_word' id='word_1_394' title='bbox 2626 2557 2676 2612; x_wconf 92' lang='lat' dir='ltr'><strong>in</strong></span> <span class='ocrx_word' id='word_1_395' title='bbox 2705 2557 2880 2616; x_wconf 86' lang='lat' dir='ltr'><strong>medio</strong></span> <span class='ocrx_word' id='word_1_396' title='bbox 2909 2561 3121 2631; x_wconf 83' lang='lat' dir='ltr'><strong>parietis</strong></span> <span class='ocrx_word' id='word_1_397' title='bbox 3145 2565 3442 2637; x_wconf 80' lang='lat' dir='ltr'><strong>contingere</strong></span> 
     </span>
    </p>
   </div>
   <div class='ocr_carea' id='block_1_55' title="bbox 1892 2650 3446 2727">
    <p class='ocr_par' dir='ltr' id='par_1_55' title="bbox 1892 2650 3446 2727">
     <span class='ocr_line' id='line_1_55' title="bbox 1892 2650 3446 2727; baseline 0.008 -25"><span class='ocrx_word' id='word_1_398' title='bbox 1892 2658 2173 2717; x_wconf 77' lang='lat' dir='ltr'><strong>peierarit;</strong></span> <span class='ocrx_word' id='word_1_399' title='bbox 2225 2650 2320 2705; x_wconf 89' lang='lat' dir='ltr'><strong>sed</strong></span> <span class='ocrx_word' id='word_1_400' title='bbox 2373 2650 2496 2721; x_wconf 89' lang='lat' dir='ltr'><strong>quia</strong></span> <span class='ocrx_word' id='word_1_401' title='bbox 2547 2659 2882 2723; x_wconf 87' lang='lat' dir='ltr'><strong>septenorum</strong></span> <span class='ocrx_word' id='word_1_402' title='bbox 2928 2666 3081 2712; x_wconf 84' lang='lat' dir='ltr'><strong>erant</strong></span> <span class='ocrx_word' id='word_1_403' title='bbox 3115 2657 3446 2727; x_wconf 86' lang='lat' dir='ltr'><strong>cubitorum,</strong></span> 
     </span>
    </p>
   </div>
   <div class='ocr_carea' id='block_1_56' title="bbox 1894 2737 3446 2816">
    <p class='ocr_par' dir='ltr' id='par_1_56' title="bbox 1894 2737 3446 2816">
     <span class='ocr_line' id='line_1_56' title="bbox 1894 2737 3446 2816; baseline 0.012 -25"><span class='ocrx_word' id='word_1_404' title='bbox 1894 2737 2125 2792; x_wconf 88' lang='lat' dir='ltr'><strong>medium</strong></span> <span class='ocrx_word' id='word_1_405' title='bbox 2156 2740 2372 2808; x_wconf 88' lang='lat' dir='ltr'><strong>parietis</strong></span> <span class='ocrx_word' id='word_1_406' title='bbox 2400 2742 2452 2796; x_wconf 90' lang='lat' dir='ltr'><strong>in</strong></span> <span class='ocrx_word' id='word_1_407' title='bbox 2483 2752 2757 2813; x_wconf 88' lang='lat' dir='ltr'><strong>utramque</strong></span> <span class='ocrx_word' id='word_1_408' title='bbox 2784 2756 2984 2816; x_wconf 88' lang='lat' dir='ltr'><strong>partem</strong></span> <span class='ocrx_word' id='word_1_409' title='bbox 3023 2750 3229 2806; x_wconf 89' lang='lat' dir='ltr'><strong>duobus</strong></span> <span class='ocrx_word' id='word_1_410' title='bbox 3256 2753 3446 2809; x_wconf 86' lang='lat' dir='ltr'><strong>cubitis</strong></span> 
     </span>
    </p>
   </div>
   <div class='ocr_carea' id='block_1_57' title="bbox 1890 2830 3448 2916">
    <p class='ocr_par' dir='ltr' id='par_1_57' title="bbox 1890 2830 3448 2916">
     <span class='ocr_line' id='line_1_57' title="bbox 1890 2830 3448 2916; baseline 0.012 -33"><span class='ocrx_word' id='word_1_411' title='bbox 1890 2830 2251 2897; x_wconf 87' lang='lat' dir='ltr'><strong>excedebant,</strong></span> <span class='ocrx_word' id='word_1_412' title='bbox 2280 2846 2342 2887; x_wconf 87' lang='lat' dir='ltr'><strong>ac</strong></span> <span class='ocrx_word' id='word_1_413' title='bbox 2388 2833 2489 2890; x_wconf 90' lang='lat' dir='ltr'><strong>sibi</strong></span> <span class='ocrx_word' id='word_1_414' title='bbox 2528 2836 2751 2892; x_wconf 85' lang='lat' dir='ltr'><strong>invicem</strong></span> <span class='ocrx_word' id='word_1_415' title='bbox 2790 2843 3132 2910; x_wconf 65' lang='lat' dir='ltr'><strong>superpositae</strong></span> <span class='ocrx_word' id='word_1_416' title='bbox 3156 2845 3448 2916; x_wconf 77' lang='lat' dir='ltr'><strong>jungeban-</strong></span> 
     </span>
    </p>
   </div>
   <div class='ocr_carea' id='block_1_58' title="bbox 1895 2919 3448 2996">
    <p class='ocr_par' dir='ltr' id='par_1_58' title="bbox 1895 2919 3448 2996">
     <span class='ocr_line' id='line_1_58' title="bbox 1895 2919 3448 2996; baseline 0.013 -24"><span class='ocrx_word' id='word_1_417' title='bbox 1895 2926 2018 2973; x_wconf 89' lang='lat' dir='ltr'><strong>tur:</strong></span> <span class='ocrx_word' id='word_1_418' title='bbox 2046 2919 2184 2988; x_wconf 91' lang='lat' dir='ltr'><strong>quod</strong></span> <span class='ocrx_word' id='word_1_419' title='bbox 2214 2921 2400 2977; x_wconf 89' lang='lat' dir='ltr'><strong>eodem</strong></span> <span class='ocrx_word' id='word_1_420' title='bbox 2430 2925 2589 2981; x_wconf 88' lang='lat' dir='ltr'><strong>modo</strong></span> <span class='ocrx_word' id='word_1_421' title='bbox 2611 2941 2703 2996; x_wconf 90' lang='lat' dir='ltr'><strong>per</strong></span> <span class='ocrx_word' id='word_1_422' title='bbox 2721 2929 2893 2984; x_wconf 90' lang='lat' dir='ltr'><strong>omnia</strong></span> <span class='ocrx_word' id='word_1_423' title='bbox 2922 2932 3077 2987; x_wconf 91' lang='lat' dir='ltr'><strong>etiam</strong></span> <span class='ocrx_word' id='word_1_424' title='bbox 3117 2934 3183 2990; x_wconf 89' lang='lat' dir='ltr'><strong>de</strong></span> <span class='ocrx_word' id='word_1_425' title='bbox 3207 2935 3448 2993; x_wconf 89' lang='lat' dir='ltr'><strong>orientali</strong></span> 
     </span>
    </p>
   </div>
   <div class='ocr_carea' id='block_1_59' title="bbox 1894 3008 3450 3096">
    <p class='ocr_par' dir='ltr' id='par_1_59' title="bbox 1894 3008 3450 3096">
     <span class='ocr_line' id='line_1_59' title="bbox 1894 3008 3450 3096; baseline 0.013 -35"><span class='ocrx_word' id='word_1_426' title='bbox 1894 3018 2041 3077; x_wconf 89' lang='lat' dir='ltr'><strong>parte</strong></span> <span class='ocrx_word' id='word_1_427' title='bbox 2084 3008 2272 3064; x_wconf 87' lang='lat' dir='ltr'><strong>domus</strong></span> <span class='ocrx_word' id='word_1_428' title='bbox 2312 3011 2701 3083; x_wconf 88' lang='lat' dir='ltr'><strong>intelligendum</strong></span> <span class='ocrx_word' id='word_1_429' title='bbox 2745 3032 2863 3074; x_wconf 89' lang='lat' dir='ltr'><strong>esse</strong></span> <span class='ocrx_word' id='word_1_430' title='bbox 2904 3030 3174 3087; x_wconf 85' lang='lat' dir='ltr'><strong>putamus,</strong></span> <span class='ocrx_word' id='word_1_431' title='bbox 3229 3024 3450 3096; x_wconf 82' lang='lat' dir='ltr'><strong>ideoque</strong></span> 
     </span>
    </p>
   </div>
   <div class='ocr_carea' id='block_1_60' title="bbox 238 3087 3448 3179">
    <p class='ocr_par' dir='ltr' id='par_1_60' title="bbox 238 3087 3448 3179">
     <span class='ocr_line' id='line_1_60' title="bbox 238 3087 3448 3179; baseline 0.01 -39"><span class='ocrx_word' id='word_1_432' title='bbox 238 3097 354 3142; x_wconf 90' lang='lat' dir='ltr'><strong>tere</strong></span> <span class='ocrx_word' id='word_1_433' title='bbox 373 3087 577 3155; x_wconf 88' lang='lat' dir='ltr'><strong>domus,</strong></span> <span class='ocrx_word' id='word_1_434' title='bbox 618 3089 828 3145; x_wconf 89' lang='lat' dir='ltr'><strong>cubitos</strong></span> <span class='ocrx_word' id='word_1_435' title='bbox 854 3091 1058 3161; x_wconf 86' lang='lat' dir='ltr'><strong>quinos.</strong></span> <span class='ocrx_word' id='word_1_436' title='bbox 1089 3091 1314 3162; x_wconf 81' lang='lat' dir='ltr'><strong>ideoque</strong></span> <span class='ocrx_word' id='word_1_437' title='bbox 1341 3091 1526 3148; x_wconf 89' lang='lat' dir='ltr'><strong>eadem</strong></span> <span class='ocrx_word' id='word_1_438' title='bbox 1559 3093 1789 3149; x_wconf 82' lang='lat' dir='ltr'><strong>lateralis</strong></span> <span class='ocrx_word' id='word_1_439' title='bbox 1822 3168 1860 3179; x_wconf 42' lang='grc' dir='ltr'><strong><em>Α</em></strong></span> <span class='ocrx_word' id='word_1_440' title='bbox 1891 3112 2048 3167; x_wconf 90' lang='lat' dir='ltr'><strong>supra</strong></span> <span class='ocrx_word' id='word_1_441' title='bbox 2076 3112 2422 3171; x_wconf 57' lang='lat' dir='ltr'><strong>praet-ptum,</strong></span> <span class='ocrx_word' id='word_1_442' title='bbox 2466 3113 2524 3157; x_wconf 92' lang='lat' dir='ltr'><strong>ut</strong></span> <span class='ocrx_word' id='word_1_443' title='bbox 2549 3117 2752 3161; x_wconf 87' lang='lat' dir='ltr'><strong>sextum</strong></span> <span class='ocrx_word' id='word_1_444' title='bbox 2783 3121 2964 3179; x_wconf 85' lang='lat' dir='ltr'><strong>sagum</strong></span> <span class='ocrx_word' id='word_1_445' title='bbox 3013 3111 3064 3164; x_wconf 93' lang='lat' dir='ltr'><strong>in</strong></span> <span class='ocrx_word' id='word_1_446' title='bbox 3108 3111 3280 3170; x_wconf 74' lang='lat' dir='ltr'><strong>fronte</strong></span> <span class='ocrx_word' id='word_1_447' title='bbox 3325 3087 3448 3171; x_wconf 75' lang='lat' dir='ltr'><strong>tecti</strong></span> 
     </span>
    </p>
   </div>
   <div class='ocr_carea' id='block_1_61' title="bbox 233 3168 3450 3270">
    <p class='ocr_par' dir='ltr' id='par_1_61' title="bbox 233 3168 3450 3270">
     <span class='ocr_line' id='line_1_61' title="bbox 233 3168 3450 3270; baseline 0.009 -37"><span class='ocrx_word' id='word_1_448' title='bbox 233 3178 513 3236; x_wconf 85' lang='lat' dir='ltr'><strong>summitas</strong></span> <span class='ocrx_word' id='word_1_449' title='bbox 554 3182 873 3236; x_wconf 90' lang='lat' dir='ltr'><strong>cortinarum</strong></span> <span class='ocrx_word' id='word_1_450' title='bbox 920 3197 1242 3254; x_wconf 86' lang='lat' dir='ltr'><strong>nequaquam</strong></span> <span class='ocrx_word' id='word_1_451' title='bbox 1270 3183 1338 3238; x_wconf 91' lang='lat' dir='ltr'><strong>ad</strong></span> <span class='ocrx_word' id='word_1_452' title='bbox 1384 3195 1574 3239; x_wconf 87' lang='lat' dir='ltr'><strong>terram</strong></span> <span class='ocrx_word' id='word_1_453' title='bbox 1623 3200 1793 3254; x_wconf 88' lang='lat' dir='ltr'><strong>usque</strong></span> <span class='ocrx_word' id='word_1_454' title='bbox 1815 3168 1862 3231; x_wconf 69' lang='grc' dir='ltr'><strong>(ἶ</strong></span> <span class='ocrx_word' id='word_1_455' title='bbox 1892 3168 2262 3258; x_wconf 68' lang='lat' dir='ltr'><strong>duplicaretur.</strong></span> <span class='ocrx_word' id='word_1_456' title='bbox 2300 3192 2421 3247; x_wconf 72' lang='lat' dir='ltr'><strong>llzec</strong></span> <span class='ocrx_word' id='word_1_457' title='bbox 2449 3194 2514 3248; x_wconf 89' lang='lat' dir='ltr'><strong>de</strong></span> <span class='ocrx_word' id='word_1_458' title='bbox 2539 3209 2597 3250; x_wconf 92' lang='lat' dir='ltr'><strong>re</strong></span> <span class='ocrx_word' id='word_1_459' title='bbox 2622 3168 2948 3265; x_wconf 71' lang='lat' dir='ltr'><strong>dillicillima,</strong></span> <span class='ocrx_word' id='word_1_460' title='bbox 2980 3211 3136 3270; x_wconf 92' lang='lat' dir='ltr'><strong>prout</strong></span> <span class='ocrx_word' id='word_1_461' title='bbox 3180 3168 3336 3260; x_wconf 86' lang='lat' dir='ltr'><strong>nobis</strong></span> 
     </span>
    </p>
   </div>
   <div class='ocr_carea' id='block_1_62' title="bbox 235 3269 1787 3340">
    <p class='ocr_par' dir='ltr' id='par_1_62' title="bbox 235 3269 1787 3340">
     <span class='ocr_line' id='line_1_62' title="bbox 235 3269 1787 3340; baseline 0.005 -17"><span class='ocrx_word' id='word_1_462' title='bbox 235 3269 502 3339; x_wconf 82' lang='lat' dir='ltr'><strong>pertingit,</strong></span> <span class='ocrx_word' id='word_1_463' title='bbox 545 3271 638 3340; x_wconf 85' lang='lat' dir='ltr'><strong>sed</strong></span> <span class='ocrx_word' id='word_1_464' title='bbox 677 3272 848 3340; x_wconf 87' lang='lat' dir='ltr'><strong>quinis</strong></span> <span class='ocrx_word' id='word_1_465' title='bbox 893 3273 1080 3327; x_wconf 82' lang='lat' dir='ltr'><strong>cubitis</strong></span> <span class='ocrx_word' id='word_1_466' title='bbox 1122 3283 1203 3327; x_wconf 89' lang='lat' dir='ltr'><strong>est</strong></span> <span class='ocrx_word' id='word_1_467' title='bbox 1251 3283 1388 3329; x_wconf 87' lang='lat' dir='ltr'><strong>terra</strong></span> <span class='ocrx_word' id='word_1_468' title='bbox 1415 3274 1591 3327; x_wconf 85' lang='lat' dir='ltr'><strong>altior.</strong></span> <span class='ocrx_word' id='word_1_469' title='bbox 1635 3274 1787 3331; x_wconf 86' lang='lat' dir='ltr'><strong>Unde</strong></span> 
     </span>
    </p>
   </div>
   <div class='ocr_carea' id='block_1_63' title="bbox 236 3358 1790 3432">
    <p class='ocr_par' dir='ltr' id='par_1_63' title="bbox 236 3358 1790 3432">
     <span class='ocr_line' id='line_1_63' title="bbox 236 3358 1790 3432; baseline 0.004 -20"><span class='ocrx_word' id='word_1_470' title='bbox 236 3372 453 3413; x_wconf 57' lang='lat' dir='ltr'><strong>necesse</strong></span> <span class='ocrx_word' id='word_1_471' title='bbox 475 3358 530 3412; x_wconf 84' lang='lat' dir='ltr'><strong>lit</strong></span> <span class='ocrx_word' id='word_1_472' title='bbox 565 3369 620 3413; x_wconf 92' lang='lat' dir='ltr'><strong>ut</strong></span> <span class='ocrx_word' id='word_1_473' title='bbox 641 3361 785 3429; x_wconf 88' lang='lat' dir='ltr'><strong>quini</strong></span> <span class='ocrx_word' id='word_1_474' title='bbox 817 3360 890 3415; x_wconf 90' lang='lat' dir='ltr'><strong>illi</strong></span> <span class='ocrx_word' id='word_1_475' title='bbox 911 3360 1071 3416; x_wconf 89' lang='lat' dir='ltr'><strong>cubiti</strong></span> <span class='ocrx_word' id='word_1_476' title='bbox 1097 3362 1440 3428; x_wconf 88' lang='lat' dir='ltr'><strong>cortinarum,</strong></span> <span class='ocrx_word' id='word_1_477' title='bbox 1462 3363 1548 3432; x_wconf 89' lang='lat' dir='ltr'><strong>qui</strong></span> <span class='ocrx_word' id='word_1_478' title='bbox 1573 3377 1790 3419; x_wconf 82' lang='lat' dir='ltr'><strong>cessan-</strong></span> 
     </span>
    </p>
   </div>
   <div class='ocr_carea' id='block_1_64' title="bbox 237 3448 1787 3518">
    <p class='ocr_par' dir='ltr' id='par_1_64' title="bbox 237 3448 1787 3518">
     <span class='ocr_line' id='line_1_64' title="bbox 237 3448 1787 3518; baseline 0.005 -17"><span class='ocrx_word' id='word_1_479' title='bbox 237 3448 378 3502; x_wconf 88' lang='lat' dir='ltr'><strong>tibus</strong></span> <span class='ocrx_word' id='word_1_480' title='bbox 402 3448 688 3517; x_wconf 86' lang='lat' dir='ltr'><strong>parietibus</strong></span> <span class='ocrx_word' id='word_1_481' title='bbox 714 3460 1014 3518; x_wconf 84' lang='lat' dir='ltr'><strong>supersunt,</strong></span> <span class='ocrx_word' id='word_1_482' title='bbox 1048 3451 1363 3507; x_wconf 89' lang='lat' dir='ltr'><strong>inducantur</strong></span> <span class='ocrx_word' id='word_1_483' title='bbox 1386 3452 1450 3506; x_wconf 86' lang='lat' dir='ltr'><strong>ad</strong></span> <span class='ocrx_word' id='word_1_484' title='bbox 1479 3453 1702 3508; x_wconf 75' lang='lat' dir='ltr'><strong>invicem</strong></span> <span class='ocrx_word' id='word_1_485' title='bbox 1736 3453 1787 3508; x_wconf 90' lang='lat' dir='ltr'><strong>in</strong></span> 
     </span>
    </p>
   </div>
   <div class='ocr_carea' id='block_1_65' title="bbox 230 3539 1788 3612">
    <p class='ocr_par' dir='ltr' id='par_1_65' title="bbox 230 3539 1788 3612">
     <span class='ocr_line' id='line_1_65' title="bbox 230 3539 1788 3612; baseline 0.004 -20"><span class='ocrx_word' id='word_1_486' title='bbox 230 3539 474 3594; x_wconf 88' lang='lat' dir='ltr'><strong>orientali</strong></span> <span class='ocrx_word' id='word_1_487' title='bbox 517 3540 676 3596; x_wconf 86' lang='lat' dir='ltr'><strong>simul</strong></span> <span class='ocrx_word' id='word_1_488' title='bbox 718 3550 774 3598; x_wconf 91' lang='lat' dir='ltr'><strong>et</strong></span> <span class='ocrx_word' id='word_1_489' title='bbox 817 3542 1126 3598; x_wconf 89' lang='lat' dir='ltr'><strong>occidentali</strong></span> <span class='ocrx_word' id='word_1_490' title='bbox 1153 3545 1335 3609; x_wconf 85' lang='lat' dir='ltr'><strong>latere,</strong></span> <span class='ocrx_word' id='word_1_491' title='bbox 1363 3544 1570 3612; x_wconf 89' lang='lat' dir='ltr'><strong>sibique</strong></span> <span class='ocrx_word' id='word_1_492' title='bbox 1608 3552 1788 3599; x_wconf 91' lang='lat' dir='ltr'><strong>mutuo</strong></span> 
     </span>
    </p>
   </div>
   <div class='ocr_carea' id='block_1_66' title="bbox 223 3630 1784 3701">
    <p class='ocr_par' dir='ltr' id='par_1_66' title="bbox 223 3630 1784 3701">
     <span class='ocr_line' id='line_1_66' title="bbox 223 3630 1784 3701; baseline 0.008 -25"><span class='ocrx_word' id='word_1_493' title='bbox 223 3630 246 3701; x_wconf 81' lang='lat' dir='ltr'><strong>j</strong></span> <span class='ocrx_word' id='word_1_494' title='bbox 275 3641 534 3698; x_wconf 84' lang='lat' dir='ltr'><strong>.ngautnr,</strong></span> <span class='ocrx_word' id='word_1_495' title='bbox 558 3645 619 3685; x_wconf 91' lang='lat' dir='ltr'><strong>ac</strong></span> <span class='ocrx_word' id='word_1_496' title='bbox 644 3632 720 3682; x_wconf 80' lang='lat' dir='ltr'><strong>sic</strong></span> <span class='ocrx_word' id='word_1_497' title='bbox 751 3631 858 3698; x_wconf 89' lang='lat' dir='ltr'><strong>liat,</strong></span> <span class='ocrx_word' id='word_1_498' title='bbox 885 3642 940 3685; x_wconf 91' lang='lat' dir='ltr'><strong>ut</strong></span> <span class='ocrx_word' id='word_1_499' title='bbox 961 3634 1186 3700; x_wconf 89' lang='lat' dir='ltr'><strong>nudique</strong></span> <span class='ocrx_word' id='word_1_500' title='bbox 1208 3634 1421 3688; x_wconf 89' lang='lat' dir='ltr'><strong>domum</strong></span> <span class='ocrx_word' id='word_1_501' title='bbox 1448 3639 1663 3689; x_wconf 70' lang='lat' dir='ltr'><strong>cortina:</strong></span> <span class='ocrx_word' id='word_1_502' title='bbox 1689 3649 1784 3689; x_wconf 72' lang='lat' dir='ltr'><strong>ca-</strong></span> 
     </span>
    </p>
   </div>
   <div class='ocr_carea' id='block_1_67' title="bbox 230 3722 1786 3796">
    <p class='ocr_par' dir='ltr' id='par_1_67' title="bbox 230 3722 1786 3796">
     <span class='ocr_line' id='line_1_67' title="bbox 230 3722 1786 3796; baseline 0.003 -19"><span class='ocrx_word' id='word_1_503' title='bbox 230 3732 388 3790; x_wconf 85' lang='lat' dir='ltr'><strong>ccpto</strong></span> <span class='ocrx_word' id='word_1_504' title='bbox 432 3738 537 3776; x_wconf 90' lang='lat' dir='ltr'><strong>uno</strong></span> <span class='ocrx_word' id='word_1_505' title='bbox 560 3722 713 3789; x_wconf 87' lang='lat' dir='ltr'><strong>juxta</strong></span> <span class='ocrx_word' id='word_1_506' title='bbox 759 3731 952 3777; x_wconf 88' lang='lat' dir='ltr'><strong>terrant</strong></span> <span class='ocrx_word' id='word_1_507' title='bbox 1001 3725 1178 3778; x_wconf 90' lang='lat' dir='ltr'><strong>cubito</strong></span> <span class='ocrx_word' id='word_1_508' title='bbox 1225 3733 1524 3796; x_wconf 88' lang='lat' dir='ltr'><strong>contegant.</strong></span> <span class='ocrx_word' id='word_1_509' title='bbox 1569 3726 1688 3780; x_wconf 70' lang='lat' dir='ltr'><strong>llaec</strong></span> <span class='ocrx_word' id='word_1_510' title='bbox 1710 3726 1786 3782; x_wconf 86' lang='lat' dir='ltr'><strong>de</strong></span> 
     </span>
    </p>
   </div>
   <div class='ocr_carea' id='block_1_68' title="bbox 230 3812 1787 3882">
    <p class='ocr_par' dir='ltr' id='par_1_68' title="bbox 230 3812 1787 3882">
     <span class='ocr_line' id='line_1_68' title="bbox 230 3812 1787 3882; baseline 0.003 -15"><span class='ocrx_word' id='word_1_511' title='bbox 230 3814 470 3868; x_wconf 86' lang='lat' dir='ltr'><strong>cortinis.</strong></span> <span class='ocrx_word' id='word_1_512' title='bbox 509 3812 672 3866; x_wconf 78' lang='lat' dir='ltr'><strong>Porro</strong></span> <span class='ocrx_word' id='word_1_513' title='bbox 699 3827 822 3882; x_wconf 86' lang='lat' dir='ltr'><strong>saga</strong></span> <span class='ocrx_word' id='word_1_514' title='bbox 851 3814 1076 3868; x_wconf 90' lang='lat' dir='ltr'><strong>tricenos</strong></span> <span class='ocrx_word' id='word_1_515' title='bbox 1119 3815 1380 3871; x_wconf 89' lang='lat' dir='ltr'><strong>habebant</strong></span> <span class='ocrx_word' id='word_1_516' title='bbox 1422 3816 1629 3872; x_wconf 88' lang='lat' dir='ltr'><strong>cubitos</strong></span> <span class='ocrx_word' id='word_1_517' title='bbox 1673 3818 1787 3872; x_wconf 81' lang='lat' dir='ltr'><strong>lon-</strong></span> 
     </span>
    </p>
   </div>
   <div class='ocr_carea' id='block_1_69' title="bbox 232 3902 1782 3978">
    <p class='ocr_par' dir='ltr' id='par_1_69' title="bbox 232 3902 1782 3978">
     <span class='ocr_line' id='line_1_69' title="bbox 232 3902 1782 3978; baseline 0.005 -22"><span class='ocrx_word' id='word_1_518' title='bbox 232 3902 521 3973; x_wconf 82' lang='lat' dir='ltr'><strong>gitudinis,</strong></span> <span class='ocrx_word' id='word_1_519' title='bbox 573 3913 854 3972; x_wconf 86' lang='lat' dir='ltr'><strong>quaternos</strong></span> <span class='ocrx_word' id='word_1_520' title='bbox 900 3903 1220 3974; x_wconf 89' lang='lat' dir='ltr'><strong>latitudinis;</strong></span> <span class='ocrx_word' id='word_1_521' title='bbox 1265 3916 1318 3962; x_wconf 89' lang='lat' dir='ltr'><strong>et</strong></span> <span class='ocrx_word' id='word_1_522' title='bbox 1363 3907 1482 3978; x_wconf 91' lang='lat' dir='ltr'><strong>quia</strong></span> <span class='ocrx_word' id='word_1_523' title='bbox 1542 3909 1782 3964; x_wconf 85' lang='lat' dir='ltr'><strong>undecim</strong></span> 
     </span>
    </p>
   </div>
   <div class='ocr_carea' id='block_1_70' title="bbox 231 3993 1784 4067">
    <p class='ocr_par' dir='ltr' id='par_1_70' title="bbox 231 3993 1784 4067">
     <span class='ocr_line' id='line_1_70' title="bbox 231 3993 1784 4067; baseline 0.003 -19"><span class='ocrx_word' id='word_1_524' title='bbox 231 4003 386 4048; x_wconf 88' lang='lat' dir='ltr'><strong>erant</strong></span> <span class='ocrx_word' id='word_1_525' title='bbox 413 3993 703 4062; x_wconf 60' lang='lat' dir='ltr'><strong>conjuncta</strong></span> <span class='ocrx_word' id='word_1_526' title='bbox 737 3993 800 4048; x_wconf 88' lang='lat' dir='ltr'><strong>ad</strong></span> <span class='ocrx_word' id='word_1_527' title='bbox 832 3995 1050 4049; x_wconf 87' lang='lat' dir='ltr'><strong>invicem</strong></span> <span class='ocrx_word' id='word_1_528' title='bbox 1083 4011 1176 4064; x_wconf 88' lang='lat' dir='ltr'><strong>per</strong></span> <span class='ocrx_word' id='word_1_529' title='bbox 1206 3997 1386 4060; x_wconf 90' lang='lat' dir='ltr'><strong>latera,</strong></span> <span class='ocrx_word' id='word_1_530' title='bbox 1415 3999 1784 4067; x_wconf 72' lang='lat' dir='ltr'><strong>quadraginta-</strong></span> 
     </span>
    </p>
   </div>
   <div class='ocr_carea' id='block_1_71' title="bbox 235 4083 1780 4155">
    <p class='ocr_par' dir='ltr' id='par_1_71' title="bbox 235 4083 1780 4155">
     <span class='ocr_line' id='line_1_71' title="bbox 235 4083 1780 4155; baseline 0.006 -23"><span class='ocrx_word' id='word_1_531' title='bbox 235 4091 462 4151; x_wconf 87' lang='lat' dir='ltr'><strong>quatuor</strong></span> <span class='ocrx_word' id='word_1_532' title='bbox 477 4083 677 4136; x_wconf 88' lang='lat' dir='ltr'><strong>cubitos</strong></span> <span class='ocrx_word' id='word_1_533' title='bbox 696 4083 998 4153; x_wconf 85' lang='lat' dir='ltr'><strong>implebant.</strong></span> <span class='ocrx_word' id='word_1_534' title='bbox 1016 4083 1158 4138; x_wconf 84' lang='lat' dir='ltr'><strong>Pone</strong></span> <span class='ocrx_word' id='word_1_535' title='bbox 1177 4100 1303 4155; x_wconf 90' lang='lat' dir='ltr'><strong>ergo</strong></span> <span class='ocrx_word' id='word_1_536' title='bbox 1327 4095 1382 4140; x_wconf 90' lang='lat' dir='ltr'><strong>et</strong></span> <span class='ocrx_word' id='word_1_537' title='bbox 1406 4088 1498 4141; x_wconf 86' lang='lat' dir='ltr'><strong>has</strong></span> <span class='ocrx_word' id='word_1_538' title='bbox 1521 4088 1569 4140; x_wconf 90' lang='lat' dir='ltr'><strong>in</strong></span> <span class='ocrx_word' id='word_1_539' title='bbox 1592 4087 1780 4142; x_wconf 92' lang='lat' dir='ltr'><strong>domo:</strong></span> 
     </span>
    </p>
   </div>
   <div class='ocr_carea' id='block_1_72' title="bbox 236 4171 1781 4245">
    <p class='ocr_par' dir='ltr' id='par_1_72' title="bbox 236 4171 1781 4245">
     <span class='ocr_line' id='line_1_72' title="bbox 236 4171 1781 4245; baseline 0.005 -22"><span class='ocrx_word' id='word_1_540' title='bbox 236 4179 288 4223; x_wconf 79' lang='lat' dir='ltr'><strong>ct</strong></span> <span class='ocrx_word' id='word_1_541' title='bbox 317 4171 436 4238; x_wconf 87' lang='lat' dir='ltr'><strong>quia</strong></span> <span class='ocrx_word' id='word_1_542' title='bbox 465 4172 750 4226; x_wconf 90' lang='lat' dir='ltr'><strong>concordat</strong></span> <span class='ocrx_word' id='word_1_543' title='bbox 799 4173 1066 4243; x_wconf 83' lang='lat' dir='ltr'><strong>longitudo</strong></span> <span class='ocrx_word' id='word_1_544' title='bbox 1107 4188 1349 4245; x_wconf 84' lang='lat' dir='ltr'><strong>sagorutn</strong></span> <span class='ocrx_word' id='word_1_545' title='bbox 1383 4191 1500 4231; x_wconf 91' lang='lat' dir='ltr'><strong>cum</strong></span> <span class='ocrx_word' id='word_1_546' title='bbox 1531 4177 1781 4245; x_wconf 80' lang='lat' dir='ltr'><strong>funiculo,</strong></span> 
     </span>
    </p>
   </div>
   <div class='ocr_carea' id='block_1_73' title="bbox 229 4259 1783 4332">
    <p class='ocr_par' dir='ltr' id='par_1_73' title="bbox 229 4259 1783 4332">
     <span class='ocr_line' id='line_1_73' title="bbox 229 4259 1783 4332; baseline 0.006 -20"><span class='ocrx_word' id='word_1_547' title='bbox 229 4275 338 4326; x_wconf 87' lang='lat' dir='ltr'><strong>quo</strong></span> <span class='ocrx_word' id='word_1_548' title='bbox 365 4259 574 4313; x_wconf 88' lang='lat' dir='ltr'><strong>dommn</strong></span> <span class='ocrx_word' id='word_1_549' title='bbox 617 4261 915 4317; x_wconf 89' lang='lat' dir='ltr'><strong>metiebaris</strong></span> <span class='ocrx_word' id='word_1_550' title='bbox 950 4263 1001 4317; x_wconf 90' lang='lat' dir='ltr'><strong>in</strong></span> <span class='ocrx_word' id='word_1_551' title='bbox 1045 4273 1420 4332; x_wconf 85' lang='lat' dir='ltr'><strong>transversum,</strong></span> <span class='ocrx_word' id='word_1_552' title='bbox 1459 4269 1514 4320; x_wconf 87' lang='lat' dir='ltr'><strong>tit</strong></span> <span class='ocrx_word' id='word_1_553' title='bbox 1553 4278 1608 4322; x_wconf 90' lang='lat' dir='ltr'><strong>ut</strong></span> <span class='ocrx_word' id='word_1_554' title='bbox 1635 4283 1783 4321; x_wconf 83' lang='lat' dir='ltr'><strong>sum-</strong></span> 
     </span>
    </p>
   </div>
   <div class='ocr_carea' id='block_1_74' title="bbox 228 4351 1782 4427">
    <p class='ocr_par' dir='ltr' id='par_1_74' title="bbox 228 4351 1782 4427">
     <span class='ocr_line' id='line_1_74' title="bbox 228 4351 1782 4427; baseline 0.006 -23"><span class='ocrx_word' id='word_1_555' title='bbox 228 4351 384 4405; x_wconf 88' lang='lat' dir='ltr'><strong>mitas</strong></span> <span class='ocrx_word' id='word_1_556' title='bbox 432 4366 612 4405; x_wconf 87' lang='lat' dir='ltr'><strong>eorum</strong></span> <span class='ocrx_word' id='word_1_557' title='bbox 656 4353 722 4403; x_wconf 90' lang='lat' dir='ltr'><strong>ad</strong></span> <span class='ocrx_word' id='word_1_558' title='bbox 753 4359 944 4407; x_wconf 86' lang='lat' dir='ltr'><strong>terram</strong></span> <span class='ocrx_word' id='word_1_559' title='bbox 989 4369 1154 4425; x_wconf 88' lang='lat' dir='ltr'><strong>usque</strong></span> <span class='ocrx_word' id='word_1_560' title='bbox 1183 4360 1464 4427; x_wconf 89' lang='lat' dir='ltr'><strong>pertingat.</strong></span> <span class='ocrx_word' id='word_1_561' title='bbox 1509 4359 1782 4414; x_wconf 86' lang='lat' dir='ltr'><strong>Habebunt</strong></span> 
     </span>
    </p>
   </div>
   <div class='ocr_carea' id='block_1_75' title="bbox 227 4442 1781 4518">
    <p class='ocr_par' dir='ltr' id='par_1_75' title="bbox 227 4442 1781 4518">
     <span class='ocr_line' id='line_1_75' title="bbox 227 4442 1781 4518; baseline 0.006 -20"><span class='ocrx_word' id='word_1_562' title='bbox 227 4443 372 4500; x_wconf 87' lang='lat' dir='ltr'><strong>enim</strong></span> <span class='ocrx_word' id='word_1_563' title='bbox 402 4442 562 4498; x_wconf 84' lang='lat' dir='ltr'><strong>denos</strong></span> <span class='ocrx_word' id='word_1_564' title='bbox 592 4443 794 4498; x_wconf 89' lang='lat' dir='ltr'><strong>cubitos</strong></span> <span class='ocrx_word' id='word_1_565' title='bbox 820 4445 1131 4512; x_wconf 63' lang='lat' dir='ltr'><strong>mqualitatis</strong></span> <span class='ocrx_word' id='word_1_566' title='bbox 1160 4449 1297 4503; x_wconf 91' lang='lat' dir='ltr'><strong>inter</strong></span> <span class='ocrx_word' id='word_1_567' title='bbox 1339 4452 1589 4518; x_wconf 87' lang='lat' dir='ltr'><strong>parietes,</strong></span> <span class='ocrx_word' id='word_1_568' title='bbox 1617 4453 1781 4509; x_wconf 89' lang='lat' dir='ltr'><strong>denos</strong></span> 
     </span>
    </p>
   </div>
   <div class='ocr_carea' id='block_1_76' title="bbox 1890 3287 3443 3365">
    <p class='ocr_par' dir='ltr' id='par_1_76' title="bbox 1890 3287 3443 3365">
     <span class='ocr_line' id='line_1_76' title="bbox 1890 3287 3443 3365; baseline 0.01 -27"><span class='ocrx_word' id='word_1_569' title='bbox 1890 3287 2153 3344; x_wconf 87' lang='lat' dir='ltr'><strong>tellexisse</strong></span> <span class='ocrx_word' id='word_1_570' title='bbox 2182 3290 2282 3344; x_wconf 88' lang='lat' dir='ltr'><strong>visi</strong></span> <span class='ocrx_word' id='word_1_571' title='bbox 2311 3305 2524 3358; x_wconf 87' lang='lat' dir='ltr'><strong>sumus,</strong></span> <span class='ocrx_word' id='word_1_572' title='bbox 2568 3293 2788 3348; x_wconf 88' lang='lat' dir='ltr'><strong>strictim</strong></span> <span class='ocrx_word' id='word_1_573' title='bbox 2809 3295 3088 3362; x_wconf 79' lang='lat' dir='ltr'><strong>explicare</strong></span> <span class='ocrx_word' id='word_1_574' title='bbox 3123 3300 3443 3365; x_wconf 73' lang='lat' dir='ltr'><strong>curavimus,</strong></span> 
     </span>
    </p>
   </div>
   <div class='ocr_carea' id='block_1_77' title="bbox 1889 3379 3447 3454">
    <p class='ocr_par' dir='ltr' id='par_1_77' title="bbox 1889 3379 3447 3454">
     <span class='ocr_line' id='line_1_77' title="bbox 1889 3379 3447 3454; baseline 0.01 -23"><span class='ocrx_word' id='word_1_575' title='bbox 1889 3379 2057 3446; x_wconf 83' lang='lat' dir='ltr'><strong>parati</strong></span> <span class='ocrx_word' id='word_1_576' title='bbox 2087 3382 2289 3434; x_wconf 86' lang='lat' dir='ltr'><strong>veriora</strong></span> <span class='ocrx_word' id='word_1_577' title='bbox 2321 3382 2372 3433; x_wconf 90' lang='lat' dir='ltr'><strong>in</strong></span> <span class='ocrx_word' id='word_1_578' title='bbox 2413 3381 2495 3436; x_wconf 86' lang='lat' dir='ltr'><strong>his</strong></span> <span class='ocrx_word' id='word_1_579' title='bbox 2521 3381 2744 3448; x_wconf 87' lang='lat' dir='ltr'><strong>discere,</strong></span> <span class='ocrx_word' id='word_1_580' title='bbox 2783 3384 2826 3438; x_wconf 89' lang='lat' dir='ltr'><strong>si</strong></span> <span class='ocrx_word' id='word_1_581' title='bbox 2875 3385 2961 3454; x_wconf 88' lang='lat' dir='ltr'><strong>qui</strong></span> <span class='ocrx_word' id='word_1_582' title='bbox 2992 3401 3087 3442; x_wconf 88' lang='lat' dir='ltr'><strong>nos</strong></span> <span class='ocrx_word' id='word_1_583' title='bbox 3126 3388 3314 3445; x_wconf 79' lang='lat' dir='ltr'><strong>docere</strong></span> <span class='ocrx_word' id='word_1_584' title='bbox 3355 3408 3447 3446; x_wconf 83' lang='lat' dir='ltr'><strong>vo-</strong></span> 
     </span>
    </p>
   </div>
   <div class='ocr_carea' id='block_1_78' title="bbox 1889 3465 3447 3550">
    <p class='ocr_par' dir='ltr' id='par_1_78' title="bbox 1889 3465 3447 3550">
     <span class='ocr_line' id='line_1_78' title="bbox 1889 3465 3447 3550; baseline 0.012 -32"><span class='ocrx_word' id='word_1_585' title='bbox 1889 3465 2062 3520; x_wconf 89' lang='lat' dir='ltr'><strong>luerit.</strong></span> <span class='ocrx_word' id='word_1_586' title='bbox 2115 3465 2172 3521; x_wconf 81' lang='lat' dir='ltr'><strong>ln</strong></span> <span class='ocrx_word' id='word_1_587' title='bbox 2221 3468 2409 3535; x_wconf 90' lang='lat' dir='ltr'><strong>quibus</strong></span> <span class='ocrx_word' id='word_1_588' title='bbox 2455 3479 2634 3525; x_wconf 86' lang='lat' dir='ltr'><strong>tamen</strong></span> <span class='ocrx_word' id='word_1_589' title='bbox 2685 3473 2928 3528; x_wconf 79' lang='lat' dir='ltr'><strong>erunibus</strong></span> <span class='ocrx_word' id='word_1_590' title='bbox 2983 3485 3125 3545; x_wconf 87' lang='lat' dir='ltr'><strong>patet</strong></span> <span class='ocrx_word' id='word_1_591' title='bbox 3176 3479 3447 3550; x_wconf 80' lang='lat' dir='ltr'><strong>allegor&#39;a:</strong></span> 
     </span>
    </p>
   </div>
   <div class='ocr_carea' id='block_1_79' title="bbox 1883 3557 3447 3641">
    <p class='ocr_par' dir='ltr' id='par_1_79' title="bbox 1883 3557 3447 3641">
     <span class='ocr_line' id='line_1_79' title="bbox 1883 3557 3447 3641; baseline 0.014 -34"><span class='ocrx_word' id='word_1_592' title='bbox 1883 3567 2070 3610; x_wconf 87' lang='lat' dir='ltr'><strong>sensus</strong></span> <span class='ocrx_word' id='word_1_593' title='bbox 2098 3557 2419 3623; x_wconf 88' lang='lat' dir='ltr'><strong>perlucidus.</strong></span> <span class='ocrx_word' id='word_1_594' title='bbox 2448 3558 2582 3630; x_wconf 84' lang='lat' dir='ltr'><strong>Saga</strong></span> <span class='ocrx_word' id='word_1_595' title='bbox 2615 3576 2843 3634; x_wconf 87' lang='lat' dir='ltr'><strong>namque</strong></span> <span class='ocrx_word' id='word_1_596' title='bbox 2871 3567 3120 3633; x_wconf 84' lang='lat' dir='ltr'><strong>cortinas,</strong></span> <span class='ocrx_word' id='word_1_597' title='bbox 3141 3578 3195 3625; x_wconf 90' lang='lat' dir='ltr'><strong>et</strong></span> <span class='ocrx_word' id='word_1_598' title='bbox 3222 3569 3447 3641; x_wconf 80' lang='lat' dir='ltr'><strong>desuper</strong></span> 
     </span>
    </p>
   </div>
   <div class='ocr_carea' id='block_1_80' title="bbox 1885 3646 3444 3732">
    <p class='ocr_par' dir='ltr' id='par_1_80' title="bbox 1885 3646 3444 3732">
     <span class='ocr_line' id='line_1_80' title="bbox 1885 3646 3444 3732; baseline 0.012 -31"><span class='ocrx_word' id='word_1_599' title='bbox 1885 3653 1941 3701; x_wconf 92' lang='lat' dir='ltr'><strong>et</strong></span> <span class='ocrx_word' id='word_1_600' title='bbox 1987 3646 2141 3716; x_wconf 79' lang='lat' dir='ltr'><strong>infra,</strong></span> <span class='ocrx_word' id='word_1_601' title='bbox 2173 3657 2228 3702; x_wconf 88' lang='lat' dir='ltr'><strong>et</strong></span> <span class='ocrx_word' id='word_1_602' title='bbox 2267 3665 2334 3705; x_wconf 78' lang='lat' dir='ltr'><strong>ex</strong></span> <span class='ocrx_word' id='word_1_603' title='bbox 2374 3651 2517 3708; x_wconf 91' lang='lat' dir='ltr'><strong>omni</strong></span> <span class='ocrx_word' id='word_1_604' title='bbox 2561 3652 2723 3709; x_wconf 88' lang='lat' dir='ltr'><strong>latere</strong></span> <span class='ocrx_word' id='word_1_605' title='bbox 2763 3657 3107 3728; x_wconf 81' lang='lat' dir='ltr'><strong>prmegcbant</strong></span> <span class='ocrx_word' id='word_1_606' title='bbox 3143 3677 3156 3714; x_wconf 91' lang='lat'>:</span> <span class='ocrx_word' id='word_1_607' title='bbox 3189 3672 3346 3732; x_wconf 90' lang='lat' dir='ltr'><strong>atque</strong></span> <span class='ocrx_word' id='word_1_608' title='bbox 3388 3675 3444 3719; x_wconf 90' lang='lat' dir='ltr'><strong>ut</strong></span> 
     </span>
    </p>
   </div>
   <div class='ocr_carea' id='block_1_81' title="bbox 1886 3737 3443 3819">
    <p class='ocr_par' dir='ltr' id='par_1_81' title="bbox 1886 3737 3443 3819">
     <span class='ocr_line' id='line_1_81' title="bbox 1886 3737 3443 3819; baseline 0.012 -27"><span class='ocrx_word' id='word_1_609' title='bbox 1886 3737 1990 3793; x_wconf 71' lang='lat' dir='ltr'><strong>illa:</strong></span> <span class='ocrx_word' id='word_1_610' title='bbox 2019 3740 2156 3794; x_wconf 90' lang='lat' dir='ltr'><strong>intus</strong></span> <span class='ocrx_word' id='word_1_611' title='bbox 2185 3740 2347 3796; x_wconf 88' lang='lat' dir='ltr'><strong>libera</strong></span> <span class='ocrx_word' id='word_1_612' title='bbox 2370 3741 2504 3798; x_wconf 78' lang='lat' dir='ltr'><strong>facie</strong></span> <span class='ocrx_word' id='word_1_613' title='bbox 2533 3741 2646 3799; x_wconf 62' lang='lat' dir='ltr'><strong>sure</strong></span> <span class='ocrx_word' id='word_1_614' title='bbox 2684 3746 2970 3801; x_wconf 86' lang='lat' dir='ltr'><strong>venustatis</strong></span> <span class='ocrx_word' id='word_1_615' title='bbox 3003 3748 3291 3819; x_wconf 80' lang='lat' dir='ltr'><strong>fulgereut.</strong></span> <span class='ocrx_word' id='word_1_616' title='bbox 3330 3754 3443 3810; x_wconf 68' lang='lat' dir='ltr'><strong>hare</strong></span> 
     </span>
    </p>
   </div>
   <div class='ocr_carea' id='block_1_82' title="bbox 1882 3827 3440 3906">
    <p class='ocr_par' dir='ltr' id='par_1_82' title="bbox 1882 3827 3440 3906">
     <span class='ocr_line' id='line_1_82' title="bbox 1882 3827 3440 3906; baseline 0.011 -23"><span class='ocrx_word' id='word_1_617' title='bbox 1882 3827 1952 3883; x_wconf 88' lang='lat' dir='ltr'><strong>ab</strong></span> <span class='ocrx_word' id='word_1_618' title='bbox 1977 3830 2121 3884; x_wconf 89' lang='lat' dir='ltr'><strong>omni</strong></span> <span class='ocrx_word' id='word_1_619' title='bbox 2149 3846 2241 3887; x_wconf 87' lang='lat' dir='ltr'><strong>eas</strong></span> <span class='ocrx_word' id='word_1_620' title='bbox 2269 3831 2460 3903; x_wconf 82' lang='lat' dir='ltr'><strong>injuria</strong></span> <span class='ocrx_word' id='word_1_621' title='bbox 2489 3843 2875 3904; x_wconf 88' lang='lat' dir='ltr'><strong>tempestatum,</strong></span> <span class='ocrx_word' id='word_1_622' title='bbox 2909 3838 3196 3906; x_wconf 82' lang='lat' dir='ltr'><strong>pluviarum</strong></span> <span class='ocrx_word' id='word_1_623' title='bbox 3237 3853 3289 3898; x_wconf 91' lang='lat' dir='ltr'><strong>et</strong></span> <span class='ocrx_word' id='word_1_624' title='bbox 3316 3860 3440 3900; x_wconf 84' lang='lat' dir='ltr'><strong>cau-</strong></span> 
     </span>
    </p>
   </div>
   <div class='ocr_carea' id='block_1_83' title="bbox 1885 3921 3435 4000">
    <p class='ocr_par' dir='ltr' id='par_1_83' title="bbox 1885 3921 3435 4000">
     <span class='ocr_line' id='line_1_83' title="bbox 1885 3921 3435 4000; baseline 0.012 -29"><span class='ocrx_word' id='word_1_625' title='bbox 1885 3925 2081 3972; x_wconf 89' lang='lat' dir='ltr'><strong>matum</strong></span> <span class='ocrx_word' id='word_1_626' title='bbox 2127 3921 2255 3975; x_wconf 80' lang='lat' dir='ltr'><strong>foris</strong></span> <span class='ocrx_word' id='word_1_627' title='bbox 2313 3923 2575 3980; x_wconf 88' lang='lat' dir='ltr'><strong>immunes</strong></span> <span class='ocrx_word' id='word_1_628' title='bbox 2619 3925 2911 3983; x_wconf 86' lang='lat' dir='ltr'><strong>reddebant</strong></span> <span class='ocrx_word' id='word_1_629' title='bbox 2955 3948 2966 3982; x_wconf 89' lang='lat'><strong>:</strong></span> <span class='ocrx_word' id='word_1_630' title='bbox 3014 3931 3132 4000; x_wconf 89' lang='lat' dir='ltr'><strong>quia</strong></span> <span class='ocrx_word' id='word_1_631' title='bbox 3190 3934 3435 3990; x_wconf 88' lang='lat' dir='ltr'><strong>nimirum</strong></span> 
     </span>
    </p>
   </div>
   <div class='ocr_carea' id='block_1_84' title="bbox 1888 4008 3440 4086">
    <p class='ocr_par' dir='ltr' id='par_1_84' title="bbox 1888 4008 3440 4086">
     <span class='ocr_line' id='line_1_84' title="bbox 1888 4008 3440 4086; baseline 0.013 -23"><span class='ocrx_word' id='word_1_632' title='bbox 1888 4008 2103 4076; x_wconf 81' lang='lat' dir='ltr'><strong>perfecti</strong></span> <span class='ocrx_word' id='word_1_633' title='bbox 2133 4024 2327 4067; x_wconf 68' lang='lat' dir='ltr'><strong>sanctas</strong></span> <span class='ocrx_word' id='word_1_634' title='bbox 2367 4014 2624 4072; x_wconf 76' lang='lat' dir='ltr'><strong>Ecclesia:</strong></span> <span class='ocrx_word' id='word_1_635' title='bbox 2654 4021 2940 4086; x_wconf 88' lang='lat' dir='ltr'><strong>propositi,</strong></span> <span class='ocrx_word' id='word_1_636' title='bbox 2991 4023 3061 4075; x_wconf 91' lang='lat' dir='ltr'><strong>ita</strong></span> <span class='ocrx_word' id='word_1_637' title='bbox 3100 4023 3258 4078; x_wconf 90' lang='lat' dir='ltr'><strong>vitam</strong></span> <span class='ocrx_word' id='word_1_638' title='bbox 3311 4028 3440 4082; x_wconf 82' lang='lat' dir='ltr'><strong>lide-</strong></span> 
     </span>
    </p>
   </div>
   <div class='ocr_carea' id='block_1_85' title="bbox 1885 4098 3442 4173">
    <p class='ocr_par' dir='ltr' id='par_1_85' title="bbox 1885 4098 3442 4173">
     <span class='ocr_line' id='line_1_85' title="bbox 1885 4098 3442 4173; baseline 0.014 -22"><span class='ocrx_word' id='word_1_639' title='bbox 1885 4098 2008 4152; x_wconf 91' lang='lat' dir='ltr'><strong>lium</strong></span> <span class='ocrx_word' id='word_1_640' title='bbox 2048 4101 2146 4155; x_wconf 88' lang='lat' dir='ltr'><strong>sibi</strong></span> <span class='ocrx_word' id='word_1_641' title='bbox 2193 4105 2592 4159; x_wconf 89' lang='lat' dir='ltr'><strong>commissorum</strong></span> <span class='ocrx_word' id='word_1_642' title='bbox 2623 4108 2801 4161; x_wconf 88' lang='lat' dir='ltr'><strong>solerti</strong></span> <span class='ocrx_word' id='word_1_643' title='bbox 2829 4109 3002 4164; x_wconf 86' lang='lat' dir='ltr'><strong>solent</strong></span> <span class='ocrx_word' id='word_1_644' title='bbox 3045 4125 3172 4166; x_wconf 89' lang='lat' dir='ltr'><strong>cura</strong></span> <span class='ocrx_word' id='word_1_645' title='bbox 3219 4117 3442 4173; x_wconf 86' lang='lat' dir='ltr'><strong>circurn-</strong></span> 
     </span>
    </p>
   </div>
   <div class='ocr_carea' id='block_1_86' title="bbox 1884 4189 3439 4275">
    <p class='ocr_par' dir='ltr' id='par_1_86' title="bbox 1884 4189 3439 4275">
     <span class='ocr_line' id='line_1_86' title="bbox 1884 4189 3439 4275; baseline 0.014 -33"><span class='ocrx_word' id='word_1_646' title='bbox 1884 4189 2108 4258; x_wconf 89' lang='lat' dir='ltr'><strong>spicere,</strong></span> <span class='ocrx_word' id='word_1_647' title='bbox 2152 4201 2211 4244; x_wconf 91' lang='lat' dir='ltr'><strong>ut</strong></span> <span class='ocrx_word' id='word_1_648' title='bbox 2249 4208 2344 4247; x_wconf 90' lang='lat' dir='ltr'><strong>nec</strong></span> <span class='ocrx_word' id='word_1_649' title='bbox 2387 4194 2620 4250; x_wconf 88' lang='lat' dir='ltr'><strong>subsidia</strong></span> <span class='ocrx_word' id='word_1_650' title='bbox 2648 4199 2840 4266; x_wconf 90' lang='lat' dir='ltr'><strong>carnis,</strong></span> <span class='ocrx_word' id='word_1_651' title='bbox 2874 4216 2969 4256; x_wconf 86' lang='lat' dir='ltr'><strong>nec</strong></span> <span class='ocrx_word' id='word_1_652' title='bbox 3007 4203 3126 4259; x_wconf 72' lang='lat' dir='ltr'><strong>vita:</strong></span> <span class='ocrx_word' id='word_1_653' title='bbox 3154 4205 3439 4275; x_wconf 73' lang='lat' dir='ltr'><strong>spiritualis</strong></span> 
     </span>
    </p>
   </div>
   <div class='ocr_carea' id='block_1_87' title="bbox 1882 4278 3439 4360">
    <p class='ocr_par' dir='ltr' id='par_1_87' title="bbox 1882 4278 3439 4360">
     <span class='ocr_line' id='line_1_87' title="bbox 1882 4278 3439 4360; baseline 0.014 -29"><span class='ocrx_word' id='word_1_654' title='bbox 1882 4278 1958 4333; x_wconf 83' lang='lat' dir='ltr'><strong>t-is</strong></span> <span class='ocrx_word' id='word_1_655' title='bbox 1986 4280 2174 4333; x_wconf 86' lang='lat' dir='ltr'><strong>auxi&#39;ia</strong></span> <span class='ocrx_word' id='word_1_656' title='bbox 2205 4281 2394 4336; x_wconf 87' lang='lat' dir='ltr'><strong>desint.</strong></span> <span class='ocrx_word' id='word_1_657' title='bbox 2429 4285 2613 4340; x_wconf 82' lang='lat' dir='ltr'><strong>Absint</strong></span> <span class='ocrx_word' id='word_1_658' title='bbox 2651 4299 2703 4342; x_wconf 91' lang='lat' dir='ltr'><strong>et</strong></span> <span class='ocrx_word' id='word_1_659' title='bbox 2728 4288 2969 4360; x_wconf 85' lang='lat' dir='ltr'><strong>dogmata</strong></span> <span class='ocrx_word' id='word_1_660' title='bbox 2992 4293 3355 4352; x_wconf 66' lang='lat' dir='ltr'><strong>hareticornm</strong></span> <span class='ocrx_word' id='word_1_661' title='bbox 3387 4311 3439 4353; x_wconf 88' lang='lat' dir='ltr'><strong>et</strong></span> 
     </span>
    </p>
   </div>
   <div class='ocr_carea' id='block_1_88' title="bbox 1889 4379 3439 4446">
    <p class='ocr_par' dir='ltr' id='par_1_88' title="bbox 1889 4379 3439 4446">
     <span class='ocr_line' id='line_1_88' title="bbox 1889 4379 3439 4446; baseline 0.012 -20"><span class='ocrx_word' id='word_1_662' title='bbox 1889 4387 2170 4443; x_wconf 84' lang='lat' dir='ltr'><strong>pravorum</strong></span> <span class='ocrx_word' id='word_1_663' title='bbox 2198 4379 2438 4446; x_wconf 85' lang='lat' dir='ltr'><strong>exempla</strong></span> <span class='ocrx_word' id='word_1_664' title='bbox 2467 4380 2870 4437; x_wconf 87' lang='lat' dir='ltr'><strong>catholicorum.</strong></span> <span class='ocrx_word' id='word_1_665' title='bbox 2901 4385 3054 4442; x_wconf 80' lang='lat' dir='ltr'><strong>Adsit</strong></span> <span class='ocrx_word' id='word_1_666' title='bbox 3087 4387 3323 4444; x_wconf 90' lang='lat' dir='ltr'><strong>doctrina</strong></span> <span class='ocrx_word' id='word_1_667' title='bbox 3354 4406 3439 4444; x_wconf 79' lang='lat' dir='ltr'><strong>sa-</strong></span> 
     </span>
    </p>
   </div>
   <div class='ocr_carea' id='block_1_89' title="bbox 1883 4464 3436 4542">
    <p class='ocr_par' dir='ltr' id='par_1_89' title="bbox 1883 4464 3436 4542">
     <span class='ocr_line' id='line_1_89' title="bbox 1883 4464 3436 4542; baseline 0.01 -24"><span class='ocrx_word' id='word_1_668' title='bbox 1883 4464 2086 4527; x_wconf 86' lang='lat' dir='ltr'><strong>lutaris.</strong></span> <span class='ocrx_word' id='word_1_669' title='bbox 2115 4483 2215 4536; x_wconf 89' lang='lat' dir='ltr'><strong>qua</strong></span> <span class='ocrx_word' id='word_1_670' title='bbox 2246 4469 2522 4523; x_wconf 82' lang='lat' dir='ltr'><strong>confortati</strong></span> <span class='ocrx_word' id='word_1_671' title='bbox 2545 4509 2561 4535; x_wconf 92' lang='lat'><strong>,</strong></span> <span class='ocrx_word' id='word_1_672' title='bbox 2609 4481 2663 4526; x_wconf 80' lang='lat' dir='ltr'><strong>et</strong></span> <span class='ocrx_word' id='word_1_673' title='bbox 2689 4474 2955 4542; x_wconf 86' lang='lat' dir='ltr'><strong>sapienter</strong></span> <span class='ocrx_word' id='word_1_674' title='bbox 2982 4479 3436 4534; x_wconf 82' lang='lat' dir='ltr'><strong>rnaledocentiunt</strong></span> 
     </span>
    </p>
   </div>
   <div class='ocr_carea' id='block_1_90' title="bbox 230 4523 3437 4636">
    <p class='ocr_par' dir='ltr' id='par_1_90' title="bbox 230 4523 3437 4636">
     <span class='ocr_line' id='line_1_90' title="bbox 2077 4523 3436 4542; baseline 0.004 -15"><span class='ocrx_word' id='word_1_675' title='bbox 2077 4523 2085 4527; x_wconf 82' lang='lat'><strong>.</strong></span> <span class='ocrx_word' id='word_1_676' title='bbox 2131 4523 2144 4536; x_wconf 86' lang='grc'><em>,</em></span> <span class='ocrx_word' id='word_1_677' title='bbox 2546 4523 2561 4535; x_wconf 88' lang='grc'><strong><em>,</em></strong></span> <span class='ocrx_word' id='word_1_678' title='bbox 2631 4523 2660 4526; x_wconf 38' lang='grc' dir='ltr'><strong>ν-</strong></span> <span class='ocrx_word' id='word_1_679' title='bbox 2691 4523 2942 4542; x_wconf 52' lang='grc' dir='ltr'><strong>ητα-η--</strong></span> <span class='ocrx_word' id='word_1_680' title='bbox 2982 4523 3117 4533; x_wconf 75' lang='grc'><strong>----...</strong></span> <span class='ocrx_word' id='word_1_681' title='bbox 3138 4523 3436 4534; x_wconf 74' lang='lat'><strong>---...........</strong></span> 
     </span>
     <span class='ocr_line' id='line_1_91' title="bbox 230 4523 3437 4636; baseline 0.007 -50"><span class='ocrx_word' id='word_1_682' title='bbox 230 4548 383 4601; x_wconf 74' lang='lat' dir='ltr'><strong>reque</strong></span> <span class='ocrx_word' id='word_1_683' title='bbox 406 4535 731 4590; x_wconf 88' lang='lat' dir='ltr'><strong>ascensionis</strong></span> <span class='ocrx_word' id='word_1_684' title='bbox 749 4535 860 4590; x_wconf 90' lang='lat' dir='ltr'><strong>sive</strong></span> <span class='ocrx_word' id='word_1_685' title='bbox 885 4535 1243 4592; x_wconf 89' lang='lat' dir='ltr'><strong>descensionis</strong></span> <span class='ocrx_word' id='word_1_686' title='bbox 1274 4541 1326 4594; x_wconf 89' lang='lat' dir='ltr'><strong>in</strong></span> <span class='ocrx_word' id='word_1_687' title='bbox 1348 4551 1567 4612; x_wconf 88' lang='lat' dir='ltr'><strong>utroque</strong></span> <span class='ocrx_word' id='word_1_688' title='bbox 1593 4546 1776 4600; x_wconf 91' lang='lat' dir='ltr'><strong>latere.</strong></span> <span class='ocrx_word' id='word_1_689' title='bbox 1813 4523 2041 4610; x_wconf 55' lang='lat' dir='ltr'><strong>Dveyba</strong></span> <span class='ocrx_word' id='word_1_690' title='bbox 2075 4557 2357 4625; x_wconf 74' lang='lat' dir='ltr'><strong>repellere,</strong></span> <span class='ocrx_word' id='word_1_691' title='bbox 2408 4567 2461 4612; x_wconf 76' lang='grc' dir='ltr'>ει</span> <span class='ocrx_word' id='word_1_692' title='bbox 2501 4560 2599 4614; x_wconf 69' lang='lat' dir='ltr'><strong>sibi</strong></span> <span class='ocrx_word' id='word_1_693' title='bbox 2630 4563 2764 4614; x_wconf 63' lang='lat' dir='ltr'><strong>muta</strong></span> <span class='ocrx_word' id='word_1_694' title='bbox 2797 4564 3146 4632; x_wconf 65' lang='grc' dir='ltr'><strong>ίηεετοηιῑιηη</strong></span> <span class='ocrx_word' id='word_1_695' title='bbox 3179 4570 3437 4636; x_wconf 49' lang='lat' dir='ltr'><strong>page...”</strong></span> 
     </span>
    </p>
   </div>
   <div class='ocr_carea' id='block_1_91' title="bbox 231 4622 1778 4698">
    <p class='ocr_par' dir='ltr' id='par_1_91' title="bbox 231 4622 1778 4698">
     <span class='ocr_line' id='line_1_92' title="bbox 231 4622 1778 4698; baseline 0.01 -24"><span class='ocrx_word' id='word_1_696' title='bbox 231 4622 296 4675; x_wconf 80' lang='lat' dir='ltr'><strong>Et</strong></span> <span class='ocrx_word' id='word_1_697' title='bbox 341 4623 439 4678; x_wconf 90' lang='lat' dir='ltr'><strong>hoc</strong></span> <span class='ocrx_word' id='word_1_698' title='bbox 467 4628 708 4692; x_wconf 88' lang='lat' dir='ltr'><strong>estquod</strong></span> <span class='ocrx_word' id='word_1_699' title='bbox 751 4629 822 4681; x_wconf 87' lang='lat' dir='ltr'><strong>ait</strong></span> <span class='ocrx_word' id='word_1_700' title='bbox 850 4627 1141 4694; x_wconf 86' lang='lat' dir='ltr'><strong>Scriptura,</strong></span> <span class='ocrx_word' id='word_1_701' title='bbox 1173 4631 1290 4698; x_wconf 89' lang='lat' dir='ltr'><strong>quia</strong></span> <span class='ocrx_word' id='word_1_702' title='bbox 1335 4633 1540 4687; x_wconf 87' lang='lat' dir='ltr'><strong>cubitus</strong></span> <span class='ocrx_word' id='word_1_703' title='bbox 1578 4650 1640 4689; x_wconf 81' lang='lat' dir='ltr'><strong>ex</strong></span> <span class='ocrx_word' id='word_1_704' title='bbox 1679 4651 1778 4690; x_wconf 89' lang='lat' dir='ltr'><strong>una</strong></span> 
     </span>
    </p>
   </div>
   <div class='ocr_carea' id='block_1_92' title="bbox 228 4714 1776 4790">
    <p class='ocr_par' dir='ltr' id='par_1_92' title="bbox 228 4714 1776 4790">
     <span class='ocr_line' id='line_1_93' title="bbox 228 4714 1776 4790; baseline 0.01 -28"><span class='ocrx_word' id='word_1_705' title='bbox 228 4721 377 4779; x_wconf 87' lang='lat' dir='ltr'><strong>parte</strong></span> <span class='ocrx_word' id='word_1_706' title='bbox 400 4714 670 4781; x_wconf 86' lang='lat' dir='ltr'><strong>penderet,</strong></span> <span class='ocrx_word' id='word_1_707' title='bbox 707 4726 758 4769; x_wconf 92' lang='lat' dir='ltr'><strong>et</strong></span> <span class='ocrx_word' id='word_1_708' title='bbox 785 4717 917 4772; x_wconf 90' lang='lat' dir='ltr'><strong>alter</strong></span> <span class='ocrx_word' id='word_1_709' title='bbox 944 4733 1006 4772; x_wconf 80' lang='lat' dir='ltr'><strong>ex</strong></span> <span class='ocrx_word' id='word_1_710' title='bbox 1036 4718 1220 4786; x_wconf 89' lang='lat' dir='ltr'><strong>altera,</strong></span> <span class='ocrx_word' id='word_1_711' title='bbox 1270 4721 1356 4790; x_wconf 90' lang='lat' dir='ltr'><strong>qui</strong></span> <span class='ocrx_word' id='word_1_712' title='bbox 1391 4723 1505 4790; x_wconf 89' lang='lat' dir='ltr'><strong>plus</strong></span> <span class='ocrx_word' id='word_1_713' title='bbox 1526 4731 1608 4776; x_wconf 86' lang='lat' dir='ltr'><strong>est</strong></span> <span class='ocrx_word' id='word_1_714' title='bbox 1646 4733 1697 4777; x_wconf 89' lang='lat' dir='ltr'><strong>et</strong></span> <span class='ocrx_word' id='word_1_715' title='bbox 1727 4725 1776 4778; x_wconf 91' lang='lat' dir='ltr'><strong>in</strong></span> 
     </span>
    </p>
   </div>
   <div class='ocr_carea' id='block_1_93' title="bbox 225 4805 1778 4879">
    <p class='ocr_par' dir='ltr' id='par_1_93' title="bbox 225 4805 1778 4879">
     <span class='ocr_line' id='line_1_94' title="bbox 225 4805 1778 4879; baseline 0.006 -23"><span class='ocrx_word' id='word_1_716' title='bbox 225 4817 470 4870; x_wconf 77' lang='lat' dir='ltr'><strong>sagarum</strong></span> <span class='ocrx_word' id='word_1_717' title='bbox 499 4805 821 4872; x_wconf 86' lang='lat' dir='ltr'><strong>longitudine</strong></span> <span class='ocrx_word' id='word_1_718' title='bbox 851 4816 1130 4879; x_wconf 85' lang='lat' dir='ltr'><strong>utrumque</strong></span> <span class='ocrx_word' id='word_1_719' title='bbox 1154 4810 1286 4864; x_wconf 89' lang='lat' dir='ltr'><strong>latus</strong></span> <span class='ocrx_word' id='word_1_720' title='bbox 1315 4812 1634 4866; x_wconf 86' lang='lat' dir='ltr'><strong>tabernaculi</strong></span> <span class='ocrx_word' id='word_1_721' title='bbox 1661 4829 1778 4879; x_wconf 89' lang='lat' dir='ltr'><strong>pro-</strong></span> 
     </span>
    </p>
   </div>
   <div class='ocr_carea' id='block_1_94' title="bbox 227 4896 1775 4976">
    <p class='ocr_par' dir='ltr' id='par_1_94' title="bbox 227 4896 1775 4976">
     <span class='ocr_line' id='line_1_95' title="bbox 227 4896 1775 4976; baseline 0.008 -27"><span class='ocrx_word' id='word_1_722' title='bbox 227 4907 428 4966; x_wconf 88' lang='lat' dir='ltr'><strong>tegens.</strong></span> <span class='ocrx_word' id='word_1_723' title='bbox 455 4896 866 4952; x_wconf 85' lang='lat' dir='ltr'><strong>Tabernaculum</strong></span> <span class='ocrx_word' id='word_1_724' title='bbox 900 4917 1127 4970; x_wconf 88' lang='lat' dir='ltr'><strong>namque</strong></span> <span class='ocrx_word' id='word_1_725' title='bbox 1175 4906 1384 4972; x_wconf 87' lang='lat' dir='ltr'><strong>proprie</strong></span> <span class='ocrx_word' id='word_1_726' title='bbox 1431 4917 1582 4961; x_wconf 88' lang='lat' dir='ltr'><strong>vocat</strong></span> <span class='ocrx_word' id='word_1_727' title='bbox 1611 4907 1775 4976; x_wconf 78' lang='lat' dir='ltr'><strong>ipsum</strong></span> 
     </span>
    </p>
   </div>
   <div class='ocr_carea' id='block_1_95' title="bbox 223 4977 1776 5067">
    <p class='ocr_par' dir='ltr' id='par_1_95' title="bbox 223 4977 1776 5067">
     <span class='ocr_line' id='line_1_96' title="bbox 223 4977 1776 5067; baseline 0.008 -28"><span class='ocrx_word' id='word_1_728' title='bbox 223 4977 542 5039; x_wconf 86' lang='lat' dir='ltr'><strong>cortinarum</strong></span> <span class='ocrx_word' id='word_1_729' title='bbox 589 4986 839 5040; x_wconf 80' lang='lat' dir='ltr'><strong>facturam</strong></span> <span class='ocrx_word' id='word_1_730' title='bbox 872 4988 981 5042; x_wconf 83' lang='lat' dir='ltr'><strong>sive</strong></span> <span class='ocrx_word' id='word_1_731' title='bbox 1007 4993 1429 5058; x_wconf 86' lang='lat' dir='ltr'><strong>conjunctionem</strong></span> <span class='ocrx_word' id='word_1_732' title='bbox 1452 5040 1468 5064; x_wconf 88' lang='lat'><strong>,</strong></span> <span class='ocrx_word' id='word_1_733' title='bbox 1518 5013 1646 5067; x_wconf 89' lang='lat' dir='ltr'><strong>quas</strong></span> <span class='ocrx_word' id='word_1_734' title='bbox 1673 5013 1776 5052; x_wconf 90' lang='lat' dir='ltr'><strong>uno</strong></span> 
     </span>
    </p>
   </div>
   <div class='ocr_carea' id='block_1_96' title="bbox 225 5077 1774 5150">
    <p class='ocr_par' dir='ltr' id='par_1_96' title="bbox 225 5077 1774 5150">
     <span class='ocr_line' id='line_1_97' title="bbox 225 5077 1774 5150; baseline 0.012 -23"><span class='ocrx_word' id='word_1_735' title='bbox 225 5077 406 5144; x_wconf 90' lang='lat' dir='ltr'><strong>utique</strong></span> <span class='ocrx_word' id='word_1_736' title='bbox 435 5078 610 5131; x_wconf 91' lang='lat' dir='ltr'><strong>cubito</strong></span> <span class='ocrx_word' id='word_1_737' title='bbox 641 5077 961 5132; x_wconf 87' lang='lat' dir='ltr'><strong>transiebant</strong></span> <span class='ocrx_word' id='word_1_738' title='bbox 992 5095 1114 5150; x_wconf 86' lang='lat' dir='ltr'><strong>saga</strong></span> <span class='ocrx_word' id='word_1_739' title='bbox 1144 5083 1209 5135; x_wconf 89' lang='lat' dir='ltr'><strong>ab</strong></span> <span class='ocrx_word' id='word_1_740' title='bbox 1241 5088 1457 5140; x_wconf 88' lang='lat' dir='ltr'><strong>australi</strong></span> <span class='ocrx_word' id='word_1_741' title='bbox 1488 5088 1652 5144; x_wconf 82' lang='lat' dir='ltr'><strong>latere</strong></span> <span class='ocrx_word' id='word_1_742' title='bbox 1679 5091 1774 5144; x_wconf 82' lang='lat' dir='ltr'><strong>do-</strong></span> 
     </span>
    </p>
   </div>
   <div class='ocr_carea' id='block_1_97' title="bbox 223 5165 1776 5248">
    <p class='ocr_par' dir='ltr' id='par_1_97' title="bbox 223 5165 1776 5248">
     <span class='ocr_line' id='line_1_98' title="bbox 223 5165 1776 5248; baseline 0.015 -37"><span class='ocrx_word' id='word_1_743' title='bbox 223 5175 364 5227; x_wconf 85' lang='lat' dir='ltr'><strong>mus,</strong></span> <span class='ocrx_word' id='word_1_744' title='bbox 387 5165 556 5229; x_wconf 80' lang='lat' dir='ltr'><strong>altero</strong></span> <span class='ocrx_word' id='word_1_745' title='bbox 595 5181 622 5219; x_wconf 91' lang='lat' dir='ltr'><strong>a</strong></span> <span class='ocrx_word' id='word_1_746' title='bbox 649 5168 1059 5236; x_wconf 87' lang='lat' dir='ltr'><strong>septentrionali.</strong></span> <span class='ocrx_word' id='word_1_747' title='bbox 1090 5169 1315 5237; x_wconf 87' lang='lat' dir='ltr'><strong>Ideoque</strong></span> <span class='ocrx_word' id='word_1_748' title='bbox 1342 5178 1405 5228; x_wconf 88' lang='lat' dir='ltr'><strong>ad</strong></span> <span class='ocrx_word' id='word_1_749' title='bbox 1439 5186 1630 5231; x_wconf 90' lang='lat' dir='ltr'><strong>terram</strong></span> <span class='ocrx_word' id='word_1_750' title='bbox 1658 5195 1776 5248; x_wconf 89' lang='lat' dir='ltr'><strong>per-</strong></span> 
     </span>
    </p>
   </div>
   <div class='ocr_carea' id='block_1_98' title="bbox 222 5250 1771 5336">
    <p class='ocr_par' dir='ltr' id='par_1_98' title="bbox 222 5250 1771 5336">
     <span class='ocr_line' id='line_1_99' title="bbox 222 5250 1771 5336; baseline 0.015 -36"><span class='ocrx_word' id='word_1_751' title='bbox 222 5250 539 5320; x_wconf 87' lang='lat' dir='ltr'><strong>veniebant,</strong></span> <span class='ocrx_word' id='word_1_752' title='bbox 585 5257 702 5324; x_wconf 82' lang='lat' dir='ltr'><strong>quia</strong></span> <span class='ocrx_word' id='word_1_753' title='bbox 747 5258 859 5311; x_wconf 67' lang='lat' dir='ltr'><strong>haec</strong></span> <span class='ocrx_word' id='word_1_754' title='bbox 910 5257 1116 5326; x_wconf 87' lang='lat' dir='ltr'><strong>triginta</strong></span> <span class='ocrx_word' id='word_1_755' title='bbox 1161 5260 1364 5316; x_wconf 88' lang='lat' dir='ltr'><strong>cubitos</strong></span> <span class='ocrx_word' id='word_1_756' title='bbox 1412 5265 1771 5336; x_wconf 85' lang='lat' dir='ltr'><strong>longitudinis,</strong></span> 
     </span>
    </p>
   </div>
   <div class='ocr_carea' id='block_1_99' title="bbox 224 5339 1773 5428">
    <p class='ocr_par' dir='ltr' id='par_1_99' title="bbox 224 5339 1773 5428">
     <span class='ocr_line' id='line_1_100' title="bbox 224 5339 1773 5428; baseline 0.015 -36"><span class='ocrx_word' id='word_1_757' title='bbox 224 5339 328 5392; x_wconf 72' lang='lat' dir='ltr'><strong>illze</strong></span> <span class='ocrx_word' id='word_1_758' title='bbox 379 5341 484 5394; x_wconf 90' lang='lat' dir='ltr'><strong>duo</strong></span> <span class='ocrx_word' id='word_1_759' title='bbox 514 5347 686 5401; x_wconf 85' lang='lat' dir='ltr'><strong>minus</strong></span> <span class='ocrx_word' id='word_1_760' title='bbox 738 5347 1018 5402; x_wconf 69' lang='lat' dir='ltr'><strong>habebant.</strong></span> <span class='ocrx_word' id='word_1_761' title='bbox 1069 5348 1193 5402; x_wconf 90' lang='lat' dir='ltr'><strong>Item</strong></span> <span class='ocrx_word' id='word_1_762' title='bbox 1239 5367 1483 5410; x_wconf 89' lang='lat' dir='ltr'><strong>mensura</strong></span> <span class='ocrx_word' id='word_1_763' title='bbox 1529 5373 1773 5428; x_wconf 81' lang='lat' dir='ltr'><strong>sagarum</strong></span> 
     </span>
    </p>
   </div>
   <div class='ocr_carea' id='block_1_100' title="bbox 224 5429 1772 5513">
    <p class='ocr_par' dir='ltr' id='par_1_100' title="bbox 224 5429 1772 5513">
     <span class='ocr_line' id='line_1_101' title="bbox 224 5429 1772 5513; baseline 0.017 -33"><span class='ocrx_word' id='word_1_764' title='bbox 224 5445 318 5497; x_wconf 89' lang='lat' dir='ltr'><strong>per</strong></span> <span class='ocrx_word' id='word_1_765' title='bbox 343 5429 716 5500; x_wconf 85' lang='lat' dir='ltr'><strong>longitudinem</strong></span> <span class='ocrx_word' id='word_1_766' title='bbox 743 5438 930 5492; x_wconf 87' lang='lat' dir='ltr'><strong>domus</strong></span> <span class='ocrx_word' id='word_1_767' title='bbox 955 5440 1295 5509; x_wconf 87' lang='lat' dir='ltr'><strong>quadraginta</strong></span> <span class='ocrx_word' id='word_1_768' title='bbox 1326 5456 1553 5513; x_wconf 87' lang='lat' dir='ltr'><strong>quatuor</strong></span> <span class='ocrx_word' id='word_1_769' title='bbox 1583 5452 1772 5506; x_wconf 88' lang='lat' dir='ltr'><strong>cubitis</strong></span> 
     </span>
    </p>
   </div>
   <div class='ocr_carea' id='block_1_101' title="bbox 223 5519 1772 5608">
    <p class='ocr_par' dir='ltr' id='par_1_101' title="bbox 223 5519 1772 5608">
     <span class='ocr_line' id='line_1_102' title="bbox 223 5519 1772 5608; baseline 0.016 -35"><span class='ocrx_word' id='word_1_770' title='bbox 223 5519 560 5586; x_wconf 87' lang='lat' dir='ltr'><strong>tendebatur,</strong></span> <span class='ocrx_word' id='word_1_771' title='bbox 612 5527 818 5592; x_wconf 83' lang='lat' dir='ltr'><strong>triginta</strong></span> <span class='ocrx_word' id='word_1_772' title='bbox 871 5530 1110 5585; x_wconf 87' lang='lat' dir='ltr'><strong>videlicet</strong></span> <span class='ocrx_word' id='word_1_773' title='bbox 1151 5532 1354 5587; x_wconf 88' lang='lat' dir='ltr'><strong>cubitos</strong></span> <span class='ocrx_word' id='word_1_774' title='bbox 1398 5535 1447 5589; x_wconf 92' lang='lat' dir='ltr'><strong>in</strong></span> <span class='ocrx_word' id='word_1_775' title='bbox 1477 5543 1772 5608; x_wconf 70' lang='lat' dir='ltr'><strong>mqualitate</strong></span> 
     </span>
    </p>
   </div>
   <div class='ocr_carea' id='block_1_102' title="bbox 224 5612 1770 5693">
    <p class='ocr_par' dir='ltr' id='par_1_102' title="bbox 224 5612 1770 5693">
     <span class='ocr_line' id='line_1_103' title="bbox 224 5612 1770 5693; baseline 0.016 -30"><span class='ocrx_word' id='word_1_776' title='bbox 224 5612 449 5677; x_wconf 88' lang='lat' dir='ltr'><strong>habens,</strong></span> <span class='ocrx_word' id='word_1_777' title='bbox 476 5627 505 5666; x_wconf 90' lang='lat' dir='ltr'><strong>a</strong></span> <span class='ocrx_word' id='word_1_778' title='bbox 537 5613 707 5668; x_wconf 82' lang='lat' dir='ltr'><strong>fronte</strong></span> <span class='ocrx_word' id='word_1_779' title='bbox 731 5617 917 5674; x_wconf 89' lang='lat' dir='ltr'><strong>domus</strong></span> <span class='ocrx_word' id='word_1_780' title='bbox 953 5637 1116 5693; x_wconf 85' lang='lat' dir='ltr'><strong>usque</strong></span> <span class='ocrx_word' id='word_1_781' title='bbox 1144 5622 1208 5677; x_wconf 90' lang='lat' dir='ltr'><strong>ad</strong></span> <span class='ocrx_word' id='word_1_782' title='bbox 1234 5627 1587 5684; x_wconf 87' lang='lat' dir='ltr'><strong>summitatem</strong></span> <span class='ocrx_word' id='word_1_783' title='bbox 1624 5634 1770 5687; x_wconf 90' lang='lat' dir='ltr'><strong>tabu-</strong></span> 
     </span>
    </p>
   </div>
   <div class='ocr_carea' id='block_1_103' title="bbox 225 5703 1771 5792">
    <p class='ocr_par' dir='ltr' id='par_1_103' title="bbox 225 5703 1771 5792">
     <span class='ocr_line' id='line_1_104' title="bbox 225 5703 1771 5792; baseline 0.015 -37"><span class='ocrx_word' id='word_1_784' title='bbox 225 5703 389 5758; x_wconf 78' lang='lat' dir='ltr'><strong>larum</strong></span> <span class='ocrx_word' id='word_1_785' title='bbox 418 5705 468 5758; x_wconf 91' lang='lat' dir='ltr'><strong>in</strong></span> <span class='ocrx_word' id='word_1_786' title='bbox 495 5705 639 5774; x_wconf 78' lang='lat' dir='ltr'><strong>plaga</strong></span> <span class='ocrx_word' id='word_1_787' title='bbox 665 5707 995 5777; x_wconf 84' lang='lat' dir='ltr'><strong>occidentali,</strong></span> <span class='ocrx_word' id='word_1_788' title='bbox 1029 5723 1079 5769; x_wconf 88' lang='lat' dir='ltr'><strong>et</strong></span> <span class='ocrx_word' id='word_1_789' title='bbox 1105 5726 1310 5786; x_wconf 82' lang='lat' dir='ltr'><strong>septem</strong></span> <span class='ocrx_word' id='word_1_790' title='bbox 1341 5718 1548 5775; x_wconf 89' lang='lat' dir='ltr'><strong>cubitos</strong></span> <span class='ocrx_word' id='word_1_791' title='bbox 1575 5723 1771 5792; x_wconf 82' lang='lat' dir='ltr'><strong>depen-</strong></span> 
     </span>
    </p>
   </div>
   <div class='ocr_carea' id='block_1_104' title="bbox 1881 4644 3433 4727">
    <p class='ocr_par' dir='ltr' id='par_1_104' title="bbox 1881 4644 3433 4727">
     <span class='ocr_line' id='line_1_105' title="bbox 1881 4644 3433 4727; baseline 0.014 -32"><span class='ocrx_word' id='word_1_792' title='bbox 1881 4646 2084 4720; x_wconf 83' lang='lat' dir='ltr'><strong>possint</strong></span> <span class='ocrx_word' id='word_1_793' title='bbox 2111 4644 2244 4698; x_wconf 79' lang='lat' dir='ltr'><strong>facta</strong></span> <span class='ocrx_word' id='word_1_794' title='bbox 2276 4648 2517 4701; x_wconf 90' lang='lat' dir='ltr'><strong>tolerare.</strong></span> <span class='ocrx_word' id='word_1_795' title='bbox 2569 4649 2718 4704; x_wconf 82' lang='lat' dir='ltr'><strong>Adsit</strong></span> <span class='ocrx_word' id='word_1_796' title='bbox 2750 4652 2856 4705; x_wconf 91' lang='lat' dir='ltr'><strong>vita</strong></span> <span class='ocrx_word' id='word_1_797' title='bbox 2900 4654 3135 4723; x_wconf 85' lang='lat' dir='ltr'><strong>ipsorum</strong></span> <span class='ocrx_word' id='word_1_798' title='bbox 3174 4660 3433 4727; x_wconf 75' lang='lat' dir='ltr'><strong>cmlestis,</strong></span> 
     </span>
    </p>
   </div>
   <div class='ocr_carea' id='block_1_105' title="bbox 1878 4731 3431 4817">
    <p class='ocr_par' dir='ltr' id='par_1_105' title="bbox 1878 4731 3431 4817">
     <span class='ocr_line' id='line_1_106' title="bbox 1878 4731 3431 4817; baseline 0.012 -28"><span class='ocrx_word' id='word_1_799' title='bbox 1878 4731 1978 4805; x_wconf 83' lang='lat' dir='ltr'><strong>qua</strong></span> <span class='ocrx_word' id='word_1_800' title='bbox 2008 4738 2302 4793; x_wconf 81' lang='lat' dir='ltr'><strong>conﬁrmati</strong></span> <span class='ocrx_word' id='word_1_801' title='bbox 2350 4750 2400 4795; x_wconf 88' lang='lat' dir='ltr'><strong>et</strong></span> <span class='ocrx_word' id='word_1_802' title='bbox 2453 4751 2656 4798; x_wconf 88' lang='lat' dir='ltr'><strong>tacente</strong></span> <span class='ocrx_word' id='word_1_803' title='bbox 2697 4744 2903 4816; x_wconf 87' lang='lat' dir='ltr'><strong>lingua,</strong></span> <span class='ocrx_word' id='word_1_804' title='bbox 2938 4750 3084 4817; x_wconf 90' lang='lat' dir='ltr'><strong>quasi</strong></span> <span class='ocrx_word' id='word_1_805' title='bbox 3129 4753 3242 4806; x_wconf 87' lang='lat' dir='ltr'><strong>viva</strong></span> <span class='ocrx_word' id='word_1_806' title='bbox 3288 4770 3431 4807; x_wconf 78' lang='lat' dir='ltr'><strong>sem.</strong></span> 
     </span>
    </p>
   </div>
   <div class='ocr_carea' id='block_1_106' title="bbox 1881 4828 3434 4911">
    <p class='ocr_par' dir='ltr' id='par_1_106' title="bbox 1881 4828 3434 4911">
     <span class='ocr_line' id='line_1_107' title="bbox 1881 4828 3434 4911; baseline 0.011 -31"><span class='ocrx_word' id='word_1_807' title='bbox 1881 4842 1974 4894; x_wconf 90' lang='lat' dir='ltr'><strong>per</strong></span> <span class='ocrx_word' id='word_1_808' title='bbox 2031 4828 2256 4883; x_wconf 89' lang='lat' dir='ltr'><strong>lectione</strong></span> <span class='ocrx_word' id='word_1_809' title='bbox 2318 4840 2544 4885; x_wconf 90' lang='lat' dir='ltr'><strong>utantur.</strong></span> <span class='ocrx_word' id='word_1_810' title='bbox 2603 4833 2877 4903; x_wconf 79' lang='lat' dir='ltr'><strong>Repellunt</strong></span> <span class='ocrx_word' id='word_1_811' title='bbox 2931 4838 3070 4893; x_wconf 89' lang='lat' dir='ltr'><strong>enim</strong></span> <span class='ocrx_word' id='word_1_812' title='bbox 3137 4856 3259 4911; x_wconf 86' lang='lat' dir='ltr'><strong>saga</strong></span> <span class='ocrx_word' id='word_1_813' title='bbox 3326 4845 3434 4896; x_wconf 85' lang='lat' dir='ltr'><strong>im-</strong></span> 
     </span>
    </p>
   </div>
   <div class='ocr_carea' id='block_1_107' title="bbox 1876 4918 3428 4997">
    <p class='ocr_par' dir='ltr' id='par_1_107' title="bbox 1876 4918 3428 4997">
     <span class='ocr_line' id='line_1_108' title="bbox 1876 4918 3428 4997; baseline 0.012 -27"><span class='ocrx_word' id='word_1_814' title='bbox 1876 4918 2036 4983; x_wconf 83' lang='lat' dir='ltr'><strong>bres,</strong></span> <span class='ocrx_word' id='word_1_815' title='bbox 2083 4920 2342 4974; x_wconf 89' lang='lat' dir='ltr'><strong>obsistunt</strong></span> <span class='ocrx_word' id='word_1_816' title='bbox 2402 4925 2682 4991; x_wconf 78' lang='lat' dir='ltr'><strong>procellis,</strong></span> <span class='ocrx_word' id='word_1_817' title='bbox 2746 4937 2924 4981; x_wconf 89' lang='lat' dir='ltr'><strong>arcent</strong></span> <span class='ocrx_word' id='word_1_818' title='bbox 2986 4930 3112 4984; x_wconf 88' lang='lat' dir='ltr'><strong>solis</strong></span> <span class='ocrx_word' id='word_1_819' title='bbox 3171 4935 3428 4997; x_wconf 82' lang='lat' dir='ltr'><strong>ardores,</strong></span> 
     </span>
    </p>
   </div>
   <div class='ocr_carea' id='block_1_108' title="bbox 1875 5007 3430 5085">
    <p class='ocr_par' dir='ltr' id='par_1_108' title="bbox 1875 5007 3430 5085">
     <span class='ocr_line' id='line_1_109' title="bbox 1875 5007 3430 5085; baseline 0.014 -26"><span class='ocrx_word' id='word_1_820' title='bbox 1875 5017 2060 5060; x_wconf 89' lang='lat' dir='ltr'><strong>cuncta</strong></span> <span class='ocrx_word' id='word_1_821' title='bbox 2104 5007 2229 5062; x_wconf 82' lang='lat' dir='ltr'><strong>foris</strong></span> <span class='ocrx_word' id='word_1_822' title='bbox 2274 5011 2600 5067; x_wconf 81' lang='lat' dir='ltr'><strong>adversantia</strong></span> <span class='ocrx_word' id='word_1_823' title='bbox 2652 5014 2856 5071; x_wconf 75' lang='lat' dir='ltr'><strong>fortiter</strong></span> <span class='ocrx_word' id='word_1_824' title='bbox 2897 5019 3132 5085; x_wconf 85' lang='lat' dir='ltr'><strong>abigunt,</strong></span> <span class='ocrx_word' id='word_1_825' title='bbox 3173 5031 3229 5073; x_wconf 94' lang='lat' dir='ltr'><strong>ut</strong></span> <span class='ocrx_word' id='word_1_826' title='bbox 3265 5023 3430 5080; x_wconf 81' lang='lat' dir='ltr'><strong>decus</strong></span> 
     </span>
    </p>
   </div>
   <div class='ocr_carea' id='block_1_109' title="bbox 1875 5097 3427 5176">
    <p class='ocr_par' dir='ltr' id='par_1_109' title="bbox 1875 5097 3427 5176">
     <span class='ocr_line' id='line_1_110' title="bbox 1875 5097 3427 5176; baseline 0.012 -25"><span class='ocrx_word' id='word_1_827' title='bbox 1875 5097 2191 5152; x_wconf 88' lang='lat' dir='ltr'><strong>cortinarum</strong></span> <span class='ocrx_word' id='word_1_828' title='bbox 2217 5102 2432 5157; x_wconf 90' lang='lat' dir='ltr'><strong>interius</strong></span> <span class='ocrx_word' id='word_1_829' title='bbox 2460 5104 2826 5160; x_wconf 89' lang='lat' dir='ltr'><strong>intemeratum</strong></span> <span class='ocrx_word' id='word_1_830' title='bbox 2859 5111 3104 5176; x_wconf 88' lang='lat' dir='ltr'><strong>persistat</strong></span> <span class='ocrx_word' id='word_1_831' title='bbox 3129 5129 3140 5162; x_wconf 88' lang='lat'>:</span> <span class='ocrx_word' id='word_1_832' title='bbox 3168 5125 3286 5166; x_wconf 91' lang='lat' dir='ltr'><strong>cum</strong></span> <span class='ocrx_word' id='word_1_833' title='bbox 3316 5120 3427 5169; x_wconf 81' lang='lat' dir='ltr'><strong>Au-</strong></span> 
     </span>
    </p>
   </div>
   <div class='ocr_carea' id='block_1_110' title="bbox 1874 5189 3428 5266">
    <p class='ocr_par' dir='ltr' id='par_1_110' title="bbox 1874 5189 3428 5266">
     <span class='ocr_line' id='line_1_111' title="bbox 1874 5189 3428 5266; baseline 0.014 -27"><span class='ocrx_word' id='word_1_834' title='bbox 1874 5189 2110 5256; x_wconf 86' lang='lat' dir='ltr'><strong>gustinus</strong></span> <span class='ocrx_word' id='word_1_835' title='bbox 2136 5195 2310 5246; x_wconf 90' lang='lat' dir='ltr'><strong>omnia</strong></span> <span class='ocrx_word' id='word_1_836' title='bbox 2348 5209 2465 5263; x_wconf 74' lang='lat' dir='ltr'><strong>qure</strong></span> <span class='ocrx_word' id='word_1_837' title='bbox 2496 5194 2647 5250; x_wconf 75' lang='lat' dir='ltr'><strong>[idem</strong></span> <span class='ocrx_word' id='word_1_838' title='bbox 2681 5198 2889 5251; x_wconf 85' lang='lat' dir='ltr'><strong>turbare</strong></span> <span class='ocrx_word' id='word_1_839' title='bbox 2920 5208 3178 5266; x_wconf 81' lang='lat' dir='ltr'><strong>poterant,</strong></span> <span class='ocrx_word' id='word_1_840' title='bbox 3217 5203 3428 5259; x_wconf 62' lang='lat' dir='ltr'><strong>haereti-</strong></span> 
     </span>
    </p>
   </div>
   <div class='ocr_carea' id='block_1_111' title="bbox 1873 5286 3425 5356">
    <p class='ocr_par' dir='ltr' id='par_1_111' title="bbox 1873 5286 3425 5356">
     <span class='ocr_line' id='line_1_112' title="bbox 1873 5286 3425 5356; baseline 0.011 -26"><span class='ocrx_word' id='word_1_841' title='bbox 1873 5292 2051 5330; x_wconf 91' lang='lat' dir='ltr'><strong>corum</strong></span> <span class='ocrx_word' id='word_1_842' title='bbox 2078 5294 2275 5334; x_wconf 79' lang='lat' dir='ltr'><strong>venena</strong></span> <span class='ocrx_word' id='word_1_843' title='bbox 2321 5293 2572 5337; x_wconf 87' lang='lat' dir='ltr'><strong>evacuat:</strong></span> <span class='ocrx_word' id='word_1_844' title='bbox 2605 5300 2723 5338; x_wconf 90' lang='lat' dir='ltr'><strong>cum</strong></span> <span class='ocrx_word' id='word_1_845' title='bbox 2754 5286 3032 5355; x_wconf 82' lang='lat' dir='ltr'><strong>Gregorius</strong></span> <span class='ocrx_word' id='word_1_846' title='bbox 3062 5306 3120 5345; x_wconf 89' lang='lat' dir='ltr'><strong>ea</strong></span> <span class='ocrx_word' id='word_1_847' title='bbox 3151 5308 3268 5356; x_wconf 76' lang='lat' dir='ltr'><strong>qum</strong></span> <span class='ocrx_word' id='word_1_848' title='bbox 3311 5310 3425 5347; x_wconf 86' lang='lat' dir='ltr'><strong>mo-</strong></span> 
     </span>
    </p>
   </div>
   <div class='ocr_carea' id='block_1_112' title="bbox 1872 5369 3423 5449">
    <p class='ocr_par' dir='ltr' id='par_1_112' title="bbox 1872 5369 3423 5449">
     <span class='ocr_line' id='line_1_113' title="bbox 1872 5369 3423 5449; baseline 0.01 -29"><span class='ocrx_word' id='word_1_849' title='bbox 1872 5382 1956 5420; x_wconf 87' lang='lat' dir='ltr'><strong>res</strong></span> <span class='ocrx_word' id='word_1_850' title='bbox 1984 5369 2150 5425; x_wconf 89' lang='lat' dir='ltr'><strong>houos</strong></span> <span class='ocrx_word' id='word_1_851' title='bbox 2180 5373 2504 5440; x_wconf 89' lang='lat' dir='ltr'><strong>irnpugnant,</strong></span> <span class='ocrx_word' id='word_1_852' title='bbox 2539 5383 2854 5430; x_wconf 87' lang='lat' dir='ltr'><strong>tentamenta</strong></span> <span class='ocrx_word' id='word_1_853' title='bbox 2881 5380 3077 5449; x_wconf 90' lang='lat' dir='ltr'><strong>antiqui</strong></span> <span class='ocrx_word' id='word_1_854' title='bbox 3122 5380 3286 5434; x_wconf 87' lang='lat' dir='ltr'><strong>hostis</strong></span> <span class='ocrx_word' id='word_1_855' title='bbox 3328 5399 3423 5438; x_wconf 81' lang='lat' dir='ltr'><strong>ex-</strong></span> 
     </span>
    </p>
   </div>
   <div class='ocr_carea' id='block_1_113' title="bbox 1872 5459 3418 5541">
    <p class='ocr_par' dir='ltr' id='par_1_113' title="bbox 1872 5459 3418 5541">
     <span class='ocr_line' id='line_1_114' title="bbox 1872 5459 3418 5541; baseline 0.01 -29"><span class='ocrx_word' id='word_1_856' title='bbox 1872 5459 2023 5529; x_wconf 78' lang='lat' dir='ltr'><strong>plicat</strong></span> <span class='ocrx_word' id='word_1_857' title='bbox 2049 5480 2060 5513; x_wconf 93' lang='lat'><strong>:</strong></span> <span class='ocrx_word' id='word_1_858' title='bbox 2091 5477 2207 5516; x_wconf 91' lang='lat' dir='ltr'><strong>cum</strong></span> <span class='ocrx_word' id='word_1_859' title='bbox 2238 5464 2525 5531; x_wconf 80' lang='lat' dir='ltr'><strong>Cyprianus</strong></span> <span class='ocrx_word' id='word_1_860' title='bbox 2568 5466 2826 5529; x_wconf 88' lang='lat' dir='ltr'><strong>lnlirmos,</strong></span> <span class='ocrx_word' id='word_1_861' title='bbox 2871 5485 2934 5521; x_wconf 87' lang='lat' dir='ltr'><strong>ne</strong></span> <span class='ocrx_word' id='word_1_862' title='bbox 2963 5472 3011 5521; x_wconf 92' lang='lat' dir='ltr'><strong>in</strong></span> <span class='ocrx_word' id='word_1_863' title='bbox 3061 5473 3314 5541; x_wconf 85' lang='lat' dir='ltr'><strong>martyrio</strong></span> <span class='ocrx_word' id='word_1_864' title='bbox 3344 5475 3418 5527; x_wconf 89' lang='lat' dir='ltr'><strong>la-</strong></span> 
     </span>
    </p>
   </div>
   <div class='ocr_carea' id='block_1_114' title="bbox 1871 5543 3415 5618">
    <p class='ocr_par' dir='ltr' id='par_1_114' title="bbox 1871 5543 3415 5618">
     <span class='ocr_line' id='line_1_115' title="bbox 1871 5543 3415 5618; baseline 0.01 -16"><span class='ocrx_word' id='word_1_865' title='bbox 1871 5543 2076 5608; x_wconf 84' lang='lat' dir='ltr'><strong>bantur.</strong></span> <span class='ocrx_word' id='word_1_866' title='bbox 2113 5553 2209 5613; x_wconf 79' lang='lat' dir='ltr'><strong>piis</strong></span> <span class='ocrx_word' id='word_1_867' title='bbox 2248 5551 2505 5606; x_wconf 80' lang='lat' dir='ltr'><strong>cnttfortat</strong></span> <span class='ocrx_word' id='word_1_868' title='bbox 2533 5555 3016 5611; x_wconf 75' lang='lat' dir='ltr'><strong>exhortationibus:</strong></span> <span class='ocrx_word' id='word_1_869' title='bbox 3049 5574 3169 5615; x_wconf 86' lang='lat' dir='ltr'><strong>cum</strong></span> <span class='ocrx_word' id='word_1_870' title='bbox 3212 5562 3299 5616; x_wconf 87' lang='lat' dir='ltr'><strong>alii</strong></span> <span class='ocrx_word' id='word_1_871' title='bbox 3329 5579 3415 5618; x_wconf 72' lang='lat' dir='ltr'><strong>ve-</strong></span> 
     </span>
    </p>
   </div>
   <div class='ocr_carea' id='block_1_115' title="bbox 1871 5639 3411 5714">
    <p class='ocr_par' dir='ltr' id='par_1_115' title="bbox 1871 5639 3411 5714">
     <span class='ocr_line' id='line_1_116' title="bbox 1871 5639 3411 5714; baseline 0.008 -22"><span class='ocrx_word' id='word_1_872' title='bbox 1871 5639 2126 5693; x_wconf 75' lang='lat' dir='ltr'><strong>nerabiies</strong></span> <span class='ocrx_word' id='word_1_873' title='bbox 2173 5639 2403 5708; x_wconf 77' lang='lat' dir='ltr'><strong>cpiscOpi</strong></span> <span class='ocrx_word' id='word_1_874' title='bbox 2435 5658 2494 5697; x_wconf 89' lang='lat' dir='ltr'><strong>ac</strong></span> <span class='ocrx_word' id='word_1_875' title='bbox 2523 5645 2763 5697; x_wconf 78' lang='lat' dir='ltr'><strong>doctores</strong></span> <span class='ocrx_word' id='word_1_876' title='bbox 2793 5661 3011 5714; x_wconf 59' lang='lat' dir='ltr'><strong>qumque</strong></span> <span class='ocrx_word' id='word_1_877' title='bbox 3057 5651 3266 5703; x_wconf 87' lang='lat' dir='ltr'><strong>turbare</strong></span> <span class='ocrx_word' id='word_1_878' title='bbox 3315 5652 3411 5704; x_wconf 81' lang='lat' dir='ltr'><strong>Ee-</strong></span> 
     </span>
    </p>
   </div>
   <div class='ocr_carea' id='block_1_116' title="bbox 1871 5731 3411 5808">
    <p class='ocr_par' dir='ltr' id='par_1_116' title="bbox 1871 5731 3411 5808">
     <span class='ocr_line' id='line_1_117' title="bbox 1871 5731 3411 5808; baseline 0.006 -22"><span class='ocrx_word' id='word_1_879' title='bbox 1871 5731 2078 5786; x_wconf 84' lang='lat' dir='ltr'><strong>clcsiam</strong></span> <span class='ocrx_word' id='word_1_880' title='bbox 2112 5743 2368 5802; x_wconf 75' lang='lat' dir='ltr'><strong>paterent,</strong></span> <span class='ocrx_word' id='word_1_881' title='bbox 2403 5735 2606 5805; x_wconf 88' lang='lat' dir='ltr'><strong>longius</strong></span> <span class='ocrx_word' id='word_1_882' title='bbox 2655 5745 2968 5793; x_wconf 84' lang='lat' dir='ltr'><strong>tcutumcnta</strong></span> <span class='ocrx_word' id='word_1_883' title='bbox 3022 5740 3328 5808; x_wconf 80' lang='lat' dir='ltr'><strong>propellunt,</strong></span> <span class='ocrx_word' id='word_1_884' title='bbox 3357 5752 3411 5796; x_wconf 81' lang='lat' dir='ltr'><strong>et</strong></span> 
     </span>
    </p>
   </div>
  </div>
