3898 6260
507 368 606 428 435

503 574 692 641 dagine
741 573 1079 642 prospiciunt,
1111 582 1367 639 quatenus
1407 576 1636 643 undique
1685 586 1792 629 tuta
1842 590 2060 630 conver-

509 667 646 718 satio
676 663 910 731 religiosa
952 664 1179 717 tidelium
1227 664 1393 718 libero
1436 665 1594 718 corde
1631 665 1910 718 virtutibus
1947 676 2058 718 stn-

511 754 661 820 derc,
684 763 838 823 atque
866 755 915 808 iu
947 762 1228 820 conspectu
1257 755 1336 808 sui
1357 753 1652 809 Conditoris
1676 765 1728 809 et
1749 770 1906 821 opt-re
1931 771 2059 822 pra:-

516 844 707 912 tnlgida
733 845 922 906 lueere,
953 852 1005 897 et
1027 844 1188 911 ipsius
1208 859 1416 912 quoque
1444 845 1866 912 cootemplationi
1896 846 2059 914 possit

511 940 716 991 oculum
762 939 950 990 mentis
981 935 1269 989 intendere.
1303 935 1492 990 Verum
1523 936 1640 1004 quit
1691 937 1826 990 inter
1850 946 2058 992 sanctos

513 1025 879 1090 praedicatores
921 1024 993 1075 illi
1030 1032 1151 1076 sunt
1180 1025 1408 1077 maximo
1434 1025 1575 1093 digni
1606 1023 1824 1088 honore,
1858 1027 1942 1090 qui
1965 1040 2058 1079 ex-

508 1121 662 1178 cepto
690 1112 827 1180 quod
871 1110 1041 1163 cilicio
1073 1112 1473 1180 prmdicatiou's,
1523 1123 1576 1167 et
1612 1115 1923 1184 populorum
1976 1129 2056 1168 re-

507 1205 688 1270 gimini
737 1205 1076 1268 desurt‘iuut,
1125 1205 1279 1260 etiam
1337 1222 1431 1276 pro
1481 1208 1694 1266 Christo
1748 1211 2058 1279 sanguinem

510 1294 749 1359 lundunt,
776 1305 915 1349 recte
941 1297 1212 1350 subditur:

1102 1387 1322 1444 CAPUT
1363 1391 1448 1446 IV.

635 1480 1002 1549 Operintcntum
1032 1484 1228 1535 tertium
1261 1494 1303 1536 et
1331 1496 1559 1552 quartum
1586 1487 1648 1538 de
1675 1486 1906 1550 pellibus.

576 1569 619 1620 F
623 1561 789 1623 acies’
777 1581 822 1623 et
855 1573 1212 1636 Operintentum
1253 1575 1396 1626 aliud
1425 1584 1555 1627 tecto
1598 1575 1660 1628 tle
1686 1576 1898 1646 pellibus
1927 1577 2058 1629 arie-

505 1675 628 1725 tum,
666 1672 768 1715 etc.
800 1665 1031 1717 Arictutn
1076 1666 1272 1734 quippe
1302 1669 1558 1721 vocabulo
1589 1671 1768 1722 solent
1813 1684 2056 1723 nonnun-

505 1769 658 1818 quam
687 1756 852 1808 sancti
884 1755 1130 1809 doctores
1158 1758 1348 1826 accipi,
1392 1772 1456 1811 eo
1482 1759 1621 1826 quod
1651 1761 1754 1812 siut
1775 1759 1939 1814 duces
1969 1774 2053 1814 se-

999 371 1194 424 llEDAE
1238 369 1681 425 VENERABILIS.
1712 372 1999 429 OPEBUM
2043 371 2216 429 PARS
2255 372 2318 428 ll.
2361 402 2426 413 -
2465 371 2855 428 EXEGETICA
2895 372 3227 430 CENUINA.
3633 373 3724 426 ης

405 518 412 530 ι.
502 497 722 552 qumque
750 482 950 537 eisdem
981 494 1084 536 smt
1130 484 1194 536 ad
1223 489 1445 538 salutem
1479 489 1732 551 proticua,
1772 487 1949 539 solerti
1982 485 2062 538 in-
2088 486 2134 542 Α
2163 486 2308 538 domo
2329 502 2438 538 mea
2462 495 2507 539 et
2537 502 2587 538 tn
2617 489 2775 540 muris
2811 489 2930 541 meis
2960 489 3124 540 locum
3143 528 3156 547 ,
3188 497 3236 540 et
3268 503 3459 540 nomen
3491 492 3674 543 melius
3699 508 3725 542 α

2159 576 2283 644 [iliis
2311 585 2357 630 et
2383 576 2584 641 ﬁliabus
2615 593 2633 631 :
2663 594 2841 629 nomen
2869 579 3232 647 sempiternum
3261 578 3396 630 dob‘o
3425 577 3500 629 eis
3525 618 3543 641 ,
3591 583 3720 646 quod

2159 682 2260 720 non
2305 667 2562 735 auferetur
2617 664 2766 736 (Em.
2822 665 2909 735 ι).
2963 667 3036 721 De
3071 683 3174 735 quo
3219 667 3473 722 videlicet
3523 669 3645 721 loco
3665 683 3725 724 ac

2146 756 2374 810 nomine
2422 767 2475 811 et
2515 758 2838 825 evangelista
2887 757 3134 819 Joannes,
3187 756 3276 824 qui
3308 765 3426 810 erat
3477 770 3621 809 unus
3665 773 3722 810 es

2159 845 2322 914 ipsis,
2373 846 2532 901 refert
2567 847 2776 900 audisse
2804 861 2862 901 se
2910 855 3167 900 cantantes
3205 862 3288 899 eos
3332 848 3600 899 canticum
3636 863 3726 898 ιο·

2157 952 2270 989 ωιηι
2316 947 2431 990 ante
2473 938 2637 990 sedent
2682 935 2776 990 Dei
2800 938 2979 1004 (Apoc.
3025 939 3161 1000 ur),
3194 938 3336 1004 quod
3380 953 3547 990 nemo
3590 938 3724 991 alius

2161 1037 2383 1096 poterat.
2406 1029 2700 1096 Statimque
2726 1028 2994 1093 adjunxit:
3021 1028 3078 1080 lli
3107 1029 3337 1095 suntqui
3368 1043 3493 1080 cum
3530 1030 3719 1080 mulie-

2159 1118 2304 1172 ribus
2336 1135 2438 1171 non
2469 1131 2592 1172 sunt
2621 1119 2936 1186 coittquiutti
2967 1159 2981 1182 ,
3013 1119 3244 1187 virgines
3272 1119 3413 1170 rnim
3454 1126 3586 1170 sunt
3620 1135 3635 1170 :
3670 1118 3718 1168 bi

2158 1216 2280 1260 Sttttl
2329 1207 2417 1276 qui
2470 1219 2762 1276 sequuntur
2809 1211 3012 1275 Agnnm
3041 1251 3056 1271 ,
3129 1220 3453 1275 quocunque
3503 1205 3719 1261 abierit.

2160 1299 2344 1354 Merito
2374 1314 2501 1364 ergo
2533 1301 2693 1368 pelles
2725 1301 3096 1370 hy..citttltin:e,
3131 1314 3439 1367 supremum
3472 1299 3522 1350 in
3555 1298 3715 1349 domo

2161 1389 2250 1442 Dei
2281 1390 2448 1442 locum
2473 1398 2675 1452 tenent,
2707 1390 2956 1456 colorque
2983 1387 3215 1441 cmlestis
3248 1389 3552 1453 proximam
3585 1389 3719 1440 ccio

2156 1477 2335 1534 sedent
2366 1480 2582 1532 sortitus
2609 1488 2718 1542 est,
2755 1487 2809 1530 ttt
2836 1479 2980 1530 chori
3016 1479 3298 1546 virginales
3319 1516 3334 1540 ,
3381 1489 3438 1531 et
3469 1477 3643 1531 animi
3669 1487 3719 1530 et

2154 1570 2393 1638 Corporis
2422 1570 2636 1638 speciali
2663 1570 2852 1623 vicinia
2883 1572 3086 1638 Agnum
3109 1569 3370 1634 secuturi,
3408 1581 3462 1622 et
3492 1570 3718 1638 hymno-

2157 1675 2277 1713 rum
2305 1662 2351 1712 ei
2379 1659 2558 1712 laudes
2587 1659 2930 1726 designentur
2954 1659 3231 1711 cantaturi.
3275 1657 3420 1711 Bene
3442 1670 3625 1711 autent
3657 1659 3716 1710 de

2157 1754 2288 1805 velis
2317 1751 2638 1805 cortinarum
2667 1764 2727 1804 ac
2751 1764 2995 1817 sagorum
3018 1750 3234 1812 dicitur,
3259 1750 3398 1818 quod
3431 1759 3485 1801 et
3516 1749 3623 1802 etsi
3666 1747 3714 1800 in

506 1847 778 1912 uuentium
807 1847 1012 1899 Domini
1043 1863 1276 1916 gregum.
1309 1848 1457 1903 Unde
1481 1852 1700 1916 pulchre
1733 1852 2006 1905 PSalIttiSla
2035 1869 2046 1904 :
2085 1837 2130 1896 Β
2157 1844 2264 1897 alto
2295 1841 2494 1912 posita,
2545 1843 2608 1894 ad
2645 1851 2840 1896 terram
2891 1849 3060 1896 tamen
3101 1840 3336 1894 demissa
3380 1839 3710 1909 penderem.

506 1936 693 2002 A/fertc
717 1937 951 2002 Domino;
978 1938 1162 2006 inquit,
1190 1939 1291 2005 filii
1323 1938 1435 2008 Ποῖ,
1475 1938 1648 2006 aﬂ'erte
1677 1939 1892 1994 Domino
1922 1942 2057 2008 ﬁlias

502 2029 716 2080 arietum
764 2026 981 2095 (I’snlnt.
1033 2041 1205 2082 cxxvn
1230 2030 1269 2096 ).
1310 2029 1458 2093 Quod
1517 2040 1599 2083 est
1633 2041 1812 2098 aperte
1836 2032 2050 2084 dicere:

507 2119 704 2173 Allerte
735 2119 955 2171 Domino
977 2159 989 2179 .
1041 2133 1073 2173 ο
1101 2120 1270 2188 angeli
1307 2121 1432 2183 Dei,
1478 2122 1671 2188 quibus
1710 2123 1862 2191 hujus
1895 2124 2054 2177 ollicii

508 2228 634 2264 rura
665 2210 904 2279 delegata
932 2223 1006 2262 est
1039 2227 1049 2260 :
1081 2210 1264 2264 aﬂerte
1307 2211 1526 2265 Domino
1557 2214 1606 2266 in
1641 2213 1804 2266 cmlos
1842 2214 2056 2281 spiritus

508 2301 759 2365 tidelium,
793 2300 878 2366 qui
910 2315 1002 2365 pcr
1035 2300 1380 2354 imitationem
1416 2302 1533 2355 vita:
1565 2311 1616 2355 et
1641 2301 1780 2368 fidei,
1813 2304 1902 2356 lilii
1935 2307 2056 2359 bea-

514 2402 686 2445 torum
717 2391 1079 2456 apostolorum
1117 2391 1228 2443 lieri
1274 2404 1594 2445 tncrurruut.
1637 2392 1764 2447 Hinc
1806 2404 1887 2448 est
1916 2395 2051 2462 quod

504 2489 656 2533 sexta
686 2479 890 2532 mansio
921 2479 1118 2548 egressi
1148 2496 1211 2534 ex
1245 2479 1474 2552 Egypto
1506 2485 1676 2551 populi
1704 2484 1792 2537 Dei
1819 2525 1832 2547 ,
1884 2484 2051 2549 Etim,

509 2569 562 2622 id
585 2581 688 2633 εει,
719 2569 942 2622 arietum
976 2570 1428 2637 cognominatur,
1460 2572 1510 2622 iu
1543 2585 1642 2638 qua
1686 2581 1837 2624 erant
1858 2572 2058 2626 duode«

503 2661 608 2714 cim
677 2660 846 2712 fontes
898 2674 1192 2728 aquarum,
1242 2671 1294 2715 et
1341 2663 1670 2731 septuaginta
1722 2665 1949 2731 palmas:
2001 2674 2058 2718 ut

503 2749 749 2804 videlicet
795 2759 842 2802 ct
875 2752 1088 2805 nomine
1125 2763 1175 2806 et
1221 2751 1398 2820 specie
1433 2755 1650 2823 figuram
1697 2756 2052 2823 apostolorum

512 2840 1029 2911 apostolicorumque
1061 2844 1292 2896 virorum
1323 2853 1544 2898 teneret.
1578 2843 1928 2900 Rubricantur
1959 2861 2054 2898 au-

507 2941 614 2998 tem
645 2933 809 3002 pelles
839 2935 1058 2989 arietum
1090 2936 1156 2989 ad
1195 2937 1535 3004 aperiendum
1572 2947 1762 2992 tectum
1811 2939 2057 2992 taberna-

504 3024 642 3091 culi,
674 3039 793 3078 cum
828 3027 1093 3094 apostoli,
1142 3029 1253 3082 sive
1279 3029 1557 3092 apostolici
1601 3031 1734 3094 viri,
1784 3045 1948 3100 usque
1988 3030 2054 3083 ad

504 3114 803 3179 passionem
837 3116 1072 3184 martyrii
1104 3117 1266 3170 verbo
1296 3119 1553 3174 doctrina:
1582 3119 1780 3175 instare
1810 3137 1912 3174 non
1955 3120 2055 3176 de-

2158 1934 2394 2003 quamvis
2417 1934 2634 1987 cortina:
2658 1948 2981 2001 nequaquam
3005 1934 3066 1985 ad
3091 1941 3284 1986 terram
3311 1947 3479 2001 usque
3511 1932 3710 1999 pertin-

2169 2043 2294 2097 gere
2319 2029 2604 2097 potuerint.
2634 2027 2906 2081 Columna!
2929 2042 3137 2097 quoque
3158 2042 3220 2081 ac
3247 2027 3438 2081 tabula:
3471 2026 3712 2081 tabemt-

2158 2120 2284 2182 culi,
2341 2119 2438 2173 etsi
2482 2120 2532 2172 in
2567 2119 2727 2172 altum
2769 2129 2921 2173 erant
2963 2131 3192 2185 erecta),
3231 2109 3392 2173 bases
3439 2131 3617 2173 tamen
3664 2118 3710 2171 in

2158 2210 2348 2276 quibus
2377 2219 2617 2274 starent,
2648 2209 2910 2263 habebant
2949 2210 3000 2262 itt
3048 2221 3186 2264 terra
3233 2210 3454 2276 positas.
3492 2211 3559 2263 At
3588 2225 3707 2263 vero

2158 2301 2226 2356 de
2276 2302 2558 2356 rubricatis
2604 2317 2737 2368 aque
2777 2301 3131 2371 ltyacinthinis
3162 2302 3388 2367 pellibus
3416 2341 3432 2364 ,
3485 2301 3623 2367 quod
3663 2300 3706 2352 in

2158 2392 2262 2444 alto
2293 2401 2485 2445 tectum
2513 2393 2784 2459 aperient,
2833 2391 3022 2444 dicitur
3055 2409 3067 2442 :
3101 2394 3238 2457 quod
3267 2405 3394 2444 vero
3419 2391 3488 2444 ad
3520 2403 3703 2445 terram

2158 2491 2337 2536 essent
2363 2481 2579 2536 deﬂexa:
2602 2523 2616 2545 ,
2663 2498 2764 2536 non
2795 2482 3038 2548 additur;
3065 2483 3184 2549 quia
3229 2482 3483 2536 nimirum
3520 2492 3704 2536 caetera

2158 2571 2411 2625 virtutum
2455 2575 2660 2642 species
2689 2584 2966 2628 caminum:
2996 2575 3193 2640 aliquid
3241 2590 3361 2629 curn
3407 2575 3494 2627 his
3532 2575 3621 2643 qui
3652 2576 3698 2627 in

2118 2654 2131 2668 ’
2163 2672 2298 2716 terra
2330 2664 2500 2719 adhuc
2529 2665 2828 2721 detinentur
2854 2708 2867 2730 ,
2915 2667 3105 2720 habere
3145 2667 3352 2721 videtur
3381 2684 3396 2719 :
3439 2675 3704 2721 certantes

2161 2769 2286 2809 vero
2347 2758 2613 2826 martyrii,
2665 2768 2716 2811 et
2769 2760 2928 2812 decus
2979 2760 3086 2812 Deo
3133 2759 3320 2811 dicata:
3371 2759 3701 2828 virginitatis.

2157 2849 2304 2914 quasi
2344 2850 2409 2901 ab
2449 2850 2643 2901 inlimis
2691 2863 2751 2902 ac
2778 2851 3001 2902 terrenis
3046 2849 3203 2902 rebus
3247 2863 3566 2916 suspensum
3593 2889 3608 2911 ,
3658 2858 3704 2900 et

2158 2939 2402 3000 sn.ernis
2452 2939 2654 2991 civibus
2713 2939 3011 3004 specialiter
3060 2947 3270 2991 constat
3315 2952 3438 2990 esse
3485 2936 3697 3002 conjun-

2158 3039 2320 3081 ctum.
2356 3027 2484 3080 Nam
2513 3036 2567 3081 et
2597 3038 2796 3096 martyr
2816 3028 2866 3080 in
2892 3027 3168 3078 tormentis
3198 3026 3433 3093 positus,
3470 3027 3543 3079 nil
3571 3025 3700 3077 aliud

2162 3129 2270 3173 toto
2313 3120 2486 3172 animo
2538 3117 2797 3181 intendit,
2847 3132 3000 3183 quam
3029 3124 3084 3169 ut
3108 3117 3284 3168 omnia
3333 3131 3458 3183 quae
3498 3126 3617 3169 sunt
3656 3115 3700 3166 in

501 3204 683 3257 sinunt
719 3221 730 3255 :
764 3219 868 3272 quo
900 3204 1060 3257 tutius
1089 3205 1359 3275 subjectos
1389 3208 1456 3259 ab
1482 3208 1844 3275 ingruentibus
1885 3213 2050 3265 tenta-
2083 3199 2128 3260 C
2162 3213 2260 3264 hoc
2300 3209 2495 3264 mundo
2521 3251 2535 3273 ,
2568 3217 2620 3261 ct
2661 3209 2828 3277 ipsum
2860 3207 3014 3259 simul
3064 3206 3312 3259 mundum
3355 3205 3512 3257 citius
3553 3202 3697 3256 relin-

508 3298 706 3350 tionum
739 3298 984 3365 periculis
1016 3307 1329 3366 protegant,
1359 3301 1481 3352 dum
1511 3298 1607 3368 ipsi
1636 3301 2053 3368 persecutionem

501 3395 715 3453 propter
744 3387 998 3454 justitiam
1037 3388 1100 3439 ad
1135 3399 1356 3441 mortem
1387 3405 1550 3458 usque
1589 3390 1789 3455 perpeti
1823 3405 1924 3444 non
1969 3407 2055 3445 rc-

503 3478 730 3546 fugiunt.
786 3481 1149 3547 Upciiuutque
1199 3484 1591 3536 tabernaculum
1638 3483 1842 3536 Domini
1890 3483 2055 3550 pelles

504 3568 730 3619 arietum
783 3570 1098 3632 rubricam,
1150 3581 1307 3638 atque
1349 3577 1414 3625 ab
1445 3573 1634 3638 injuria
1681 3583 2052 3642 tempesmtum

504 3655 792 3714 defendunt
819 3698 834 3720 ,
883 3673 999 3712 eum
1041 3663 1206 3714 sancti
1241 3663 1611 3731 praedicatores
1649 3667 1890 3732 exemplo
1931 3681 2050 3732 pas-

506 3745 672 3802 si0uis
714 3757 766 3801 ct
813 3750 1079 3816 patieurize
1128 3764 1238 3804 sua:
1283 3754 1442 3806 corda
1478 3754 1842 3816 infirmorum,
1896 3770 1962 3807 ne
2003 3757 2052 3807 in

506 3839 771 3905 pressuris
797 3833 1468 3895 tribulationum‘deliciant
1489 3882 1503 3906 ,
1547 3843 1804 3897 muniunt.
1836 3842 1897 3896 Et
1926 3859 2054 3910 quo-

504 3927 664 3988 tnudo
693 3929 828 3982 inter
859 3933 1117 3998 prmcipua
1147 3931 1339 3986 Christi
1383 3943 1437 3986 et
1481 3933 1733 3988 Ecclesia:
1780 3934 2012 3987 membra
2037 3972 2051 3996 ,

508 4019 760 4074 eximium
792 4035 940 4074 sacra
973 4020 1247 4090 virginitas
1273 4022 1443 4076 locum
1473 4031 1640 4086 tenet,
1672 4031 1792 4091 apte
1819 4035 1932 4090 post
1963 4037 2052 4075 va-

503 4111 693 4172 riatum
741 4112 903 4169 decus
952 4114 1311 4177 cortinarum,
1353 4122 1470 4182 post
1510 4115 1832 4168 rilicinorum
1881 4115 2049 4166 nuuti-

501 4201 644 4266 tnina
689 4211 1012 4267 sanctorum,
1073 4213 1190 4270 post
1241 4202 1536 4259 rubricatas
1583 4204 1804 4258 arietum
1858 4205 2046 4274 pelles,

502 4289 676 4350 adhuc
700 4290 911 4344 adduur
942 4309 953 4344 :

575 4425 589 4438 .
622 4421 633 4435 .
672 4421 686 4436 .
717 4420 731 4433 .
772 4381 925 4434 Aliud
958 4385 1315 4452 Oporimeutunt
1345 4387 1406 4438 de
1447 4386 1784 4458 Ityocint/tinis
1809 4387 2043 4453 pellibus.

504 4470 828 4543 Hyacinthus
850 4488 1076 4543 namque
1101 4475 1334 4530 caelestis
1359 4486 1441 4530 est
1473 4476 1672 4529 coloris
1704 4494 1715 4528 :
1746 4475 1897 4542 pellis
1925 4492 2048 4530 vero

515 4565 703 4623 mortui
736 4565 1047 4629 animantis,
1078 4579 1198 4634 pars
1222 4575 1275 4621 et
1301 4565 1547 4619 indicium
1574 4575 1675 4620 est.
1711 4565 1775 4618 Et
1802 4567 1925 4634 quid
1958 4581 2050 4634 per

506 4655 671 4723 pelles
701 4655 1088 4726 hyacinthinas.
1121 4658 1219 4710 nisi
1261 4656 1424 4710 virtus
1454 4655 1771 4724 exprimitur
1803 4657 2004 4709 illorum
2031 4696 2047 4720 ,

510 4745 597 4810 qui
642 4746 1069 4812 mortiﬁcatlsad
1122 4762 1305 4815 purum
1359 4748 1565 4800 cunctis
1611 4747 2050 4814 concupiscentia

504 4833 730 4887 carnalis
761 4835 1041 4899 illecebris,
1073 4838 1344 4893 caelestem
1377 4837 1768 4903 quodammodo
1795 4837 1845 4890 itt
1893 4837 2051 4891 terris

508 4925 663 4975 vitam
693 4932 906 4991 gerunt,
932 4935 1088 4991 atque
1119 4927 1254 4984 inter
1283 4927 1522 4979 homines
1550 4926 1725 4993 positi,
1760 4925 2050 4994 angelicam

508 5011 673 5078 magis
722 5012 1000 5079 puritatem
1050 5013 1320 5066 imitantur
1349 5030 1362 5066 :
1395 5024 1448 5069 et
1491 5013 1591 5067 hoc
1633 5015 1771 5082 quod
1813 5025 2050 5082 tempore

501 5101 686 5153 l’uturte
740 5100 1147 5153 immortalitatis
1197 5101 1401 5154 cunctis
1452 5103 1774 5168 promittitur
1822 5105 2048 5168 electis,

502 5191 619 5261 quia
663 5207 762 5244 non
811 5193 1037 5258 nubant,
1101 5207 1256 5262 neque
1305 5192 1492 5246 ducant
1543 5208 1757 5257 uxores,
1813 5195 1898 5247 sed
1951 5196 2050 5247 sint

499 5288 715 5353 aquoles
759 5289 953 5358 angelis
988 5288 1080 5340 Bei
1109 5287 1318 5357 (Matth.
1355 5286 1488 5354 uti)
1512 5326 1526 5347 .
1559 5284 1657 5352 ipsi
1704 5286 1876 5340 adhuc
1908 5302 2049 5340 mor-

449 5418 453 5420 -
500 5379 588 5445 tali
620 5394 774 5434 carne
806 5382 1018 5443 retenti,
1049 5377 1646 5448 prwvenire‘sataguut?
1678 5379 1825 5435 Unde
1853 5382 2046 5436 merito

502 5479 606 5530 tam
638 5483 836 5537 magna:
869 5473 1072 5524 virtutis
1104 5486 1199 5538 per
1239 5486 1482 5537 magnum
1531 5481 1698 5525 restat
1738 5476 2005 5540 prtcmium
2033 5515 2046 5538 ,

497 5558 616 5624 quia
661 5567 939 5611 attestante
995 5560 1245 5625 propheta
1281 5578 1292 5610 :
1323 5560 1447 5612 Haec
1490 5562 1612 5614 dicit
1659 5561 1902 5617 Dominus
1956 5580 2048 5616 eu-

502 5651 716 5714 nucnis,
771 5649 857 5715 qui
908 5650 1231 5701 custodierint
1275 5651 1477 5704 sabbata
1523 5669 1650 5717 mea,
1710 5665 1756 5707 et
1813 5657 2046 5727 elegerint

502 5753 607 5809 qua:
650 5753 739 5808 ego
767 5737 926 5805 volui,
961 5748 1005 5792 ct
1038 5739 1280 5794 tenuerint
1315 5742 1474 5811 [caus
1512 5758 1708 5808 meum;
1744 5745 1869 5800 dabo
1896 5749 1965 5800 eis
1998 5747 2052 5799 in

2155 3313 2300 3370 quat,
2333 3313 2488 3370 atque
2510 3300 2780 3354 absolutus
2804 3299 3073 3352 doloribus
3097 3297 3395 3351 cunctisad
3428 3294 3697 3349 videndum

2158 3392 2334 3444 mundi
2367 3393 2744 3454 Conditorem‘,
2777 3403 2829 3444 et
2858 3406 2920 3442 ea
2952 3407 3067 3457 (μιν
3100 3391 3234 3441 ultra
3270 3389 3525 3440 mundum
3554 3395 3695 3444 sunt.

2152 3481 2335 3550 gaudia
2369 3481 2678 3548 possidenda
2708 3481 2995 3547 perveniat.
3035 3478 3097 3531 Et
3133 3478 3375 3537 cmlibes,
3407 3478 3530 3530 dum
3550 3491 3687 3529 corno

2154 3588 2362 3625 munem
2411 3569 2616 3638 generis
2674 3560 2885 3620 humani
2943 3569 3135 3634 legent,
3184 3582 3284 3635 qua
3334 3567 3535 3619 dictum
3575 3574 3694 3619 est:

2154 3661 2367 3714 Crescite
2395 3669 2441 3712 et
2473 3658 2880 3726 titttltiplicttntiiti
2900 3696 2914 3720 ,
2961 3666 3008 3710 et
3037 3656 3221 3724 replete
3252 3665 3438 3708 terrain
3466 3694 3484 3720 ,
3528 3654 3698 3707 intuitu

2155 3751 2367 3815 majoris
2415 3749 2613 3816 prendi
2660 3749 3065 3811 transcendunt,
3111 3745 3234 3815 jure
3273 3746 3417 3801 velut
3466 3747 3695 3801 altiorem

2155 3839 2360 3892 caeteris
2409 3839 2646 3892 ﬁdelibus
2669 3877 2685 3901 ,
2750 3839 2855 3892 imo
2886 3840 2998 3904 ipso
3044 3837 3241 3892 mundo
3271 3839 3455 3890 sedem
3486 3837 3581 3889 sibi
3612 3836 3701 3888 eli-

2154 3936 2301 3995 gunt,
2330 3928 2510 3994 sicque
2535 3929 2584 3980 in
2617 3928 2854 3980 Ecclesia
2882 3926 3061 3980 vivunt
3087 3937 3142 3980 ut
3169 3927 3422 3980 socialem
3459 3925 3701 3979 Ecclesia

2162 4019 2621 4081 conversationem
2673 4018 2874 4072 honore
2912 4017 3080 4072 meriti
3126 4017 3456 4070 sublimioris
3505 4028 3702 4070 antece-

2153 4110 2298 4164 dant.
2329 4109 2474 4165 Uude
2503 4109 2569 4166 de
2599 4109 2787 4164 talibus
2815 4120 2954 4164 recte
2980 4109 3164 4163 scribit
3195 4106 3427 4163 Joannes
3450 4127 3462 4137 η
3487 4109 3631 4174 Quod
3652 4107 3697 4158 1ιὶ

2151 4206 2302 4275 ernpti
2329 4214 2442 4258 sunt
2469 4221 2530 4258 ea:
2554 4204 2833 4256 hominibus
2857 4203 3093 4270 primitur
3121 4201 3225 4254 Deo
3268 4210 3314 4254 et
3343 4203 3488 4270 Agna
3518 4202 3698 4270 (Apoc.

2153 4304 2288 4367 XIV).
2323 4299 2482 4353 Recte
2507 4299 2636 4351 tales
2669 4297 2852 4350 Latino
2879 4308 3121 4348 sermone
3153 4294 3236 4347 vel
3260 4293 3511 4363 virgines,
3552 4290 3695 4357 quasi

2152 4388 2343 4443 virtute
2399 4388 2659 4456 insignes;
2713 4388 2796 4440 vel
2846 4386 3106 4449 cmlibes,
3173 4383 3324 4453 quasi
3375 4384 3515 4448 ctelo
3568 4381 3696 4435 beati

2152 4477 2624 4544 cognominantur,
2675 4476 2724 4529 id
2755 4487 2857 4538 εει,
2889 4475 3008 4529 caeli
3052 4473 3244 4527 civium
3277 4472 3329 4527 in
3368 4481 3507 4538 terra
3553 4471 3699 4526 vitam

2081 4545 2129 4605 ί)
2155 4565 2437 4618 imitantes.

2770 4654 2991 4708 CAPUT
3035 4653 3092 4706 V.

2643 4747 2847 4798 Tabula
2873 4744 3200 4796 tabernaculi.

2228 4838 2407 4892 Facies
2453 4846 2496 4891 et
2543 4839 2736 4890 tabulas
2767 4847 2951 4890 stantes
2994 4836 3340 4903 tabernaculi,
3393 4844 3500 4901 etc.
3549 4835 3696 4904 Ligna

2156 4930 2329 4994 setim,
2359 4929 2425 4983 de
2451 4929 2639 4996 quibus
2673 4926 3066 4981 tabernaculum
3115 4925 3305 4986 fiebat,
3355 4925 3696 4992 itnputribiles

2154 5031 2274 5075 sunt
2321 5030 2523 5075 natura:
2567 5019 2747 5074 eximii
2795 5019 3040 5071 candoris
3081 5030 3140 5068 ac
3189 5015 3453 5082 levitatis,
3506 5027 3560 5071 et
3601 5032 3694 5072 non

2155 5112 2373 5164 multum
2416 5111 2483 5164 ab
2530 5111 2646 5162 alba
2692 5111 2889 5175 spina,
2937 5107 3037 5159 nisi
3095 5114 3298 5159 tantum
3346 5107 3696 5178 magnitudine

2153 5201 2423 5255 distantia.
2456 5201 2605 5256 Unde
2626 5199 3055 5266 etrrltieronymus
3081 5213 3460 5270 nonnunquam
3487 5201 3542 5256 in
3574 5202 3697 5256 libro

2155 5290 2497 5344 llebrarorum
2531 5289 2829 5350 Notuinum,
2853 5289 2949 5340 sed
2978 5298 3029 5341 et
3064 5288 3113 5341 in
3146 5289 3263 5344 aliis
3289 5293 3563 5359 opusculis
3580 5291 3696 5352 suis.

2152 5377 2304 5431 sctim
2329 5379 2567 5430 absolute
2596 5377 2776 5442 spinas
2806 5376 3182 5444 interpretatus
3208 5388 3309 5432 est.
3337 5379 3500 5434 Verbi
3522 5380 3694 5448 gratia.

2154 5466 2284 5521 Abel
2316 5466 2493 5530 setim,
2525 5465 2694 5519 luctus
2715 5467 3011 5533 spinarum.
3063 5469 3178 5524 Non
3212 5480 3395 5526 autem
3429 5471 3583 5526 facile
3609 5471 3696 5522 hoc

2154 5575 2318 5627 genus
2346 5559 2469 5625 ligtti
2503 5560 2602 5612 nisi
2635 5561 2683 5612 itt
2722 5561 2948 5614 desertis
2981 5563 3192 5616 Arabia:
3213 5604 3228 5627 ,
3270 5564 3360 5618 ubi
3393 5566 3694 5618 tabernacu-

2153 5653 2262 5706 lum
2310 5650 2689 5717 aediﬁcabatur,
2745 5658 2881 5707 solet
2921 5654 3164 5708 inveniri.
3217 5654 3365 5710 Unde
3417 5653 3590 5708 σι’εαὶ
3619 5655 3690 5704 vel

2155 5739 2325 5798 Latini
2357 5741 2666 5812 interpretes
2710 5759 2899 5801 nomen
2945 5746 2992 5801 ei
3021 5744 3161 5800 aliud
3187 5756 3383 5823 pratter
3425 5741 3690 5799 Hebrum
