3898 6260
233 298 346 355 43-:

1128 302 1213 357 DE
1250 298 1752 356 TABERVACULO
1792 297 1879 351 ET
1919 298 2107 355 VASIS
2141 299 2298 356 EJUS
2339 300 2463 357 LIB.
2503 299 2566 357 11.

3333 298 3433 352 438

245 432 441 485 ponere.
481 414 862 482 nequiverunt,
891 421 947 465 ut
975 421 1090 480 pote
1119 413 1269 482 cujus
1297 412 1433 480 apud
1465 427 1557 466 eos
1604 411 1790 464 notitia
1818 411 1867 466 Α
1895 408 1998 462 Sed
2027 418 2080 462 et
2124 410 2222 465 hoc
2255 411 2395 479 quod
2448 412 2701 464 denarius
2728 425 2789 464 ex
2840 426 2903 464 eo
2953 425 3143 465 nomen
3193 415 3395 480 accepit
3422 457 3436 478 ,

239 510 386 562 nulla
415 517 528 562 erat
556 525 569 571 ;
602 508 838 574 quamvis
864 506 1074 574 quidam
1120 507 1422 574 qualitatem
1456 515 1653 560 natura:
1682 506 1796 573 ejus

239 601 539 666 exprimere
562 602 822 662 volentes,
849 598 985 665 ligna
1017 599 1355 665 itnputribilia
1386 598 1794 650 transtulerunt.

237 689 460 746 Tabulae
502 705 629 758 ergo
659 689 978 742 tabernaculi
1025 688 1297 756 apostolos
1341 702 1629 754 eorumque
1677 701 1797 738 suc-

237 796 504 842 cessores,
544 795 634 846 per
655 795 879 847 quorutn
906 791 1204 831 sermonem
1236 777 1464 831 Ecclesia
1496 791 1586 843 per
1608 775 1791 828 orbem

239 870 458 922 dilatata
488 876 598 931 est,
631 867 928 933 designant.
962 864 1207 916 Latitudo
1236 864 1430 918 etenim
1468 865 1788 927 tabularum,

239 957 480 1011 dilatatio
509 967 592 1010 est
621 956 741 1010 fidei
782 967 832 1008 et
882 965 1330 1008 sacramentorum
1357 994 1371 1018 ,
1420 969 1535 1020 quae
1567 954 1710 1020 prius
1741 954 1791 1006 in

240 1063 346 1102 tina
377 1045 663 1100 Israelitica
695 1045 844 1113 plebe
873 1045 1062 1097 latebat
1090 1061 1103 1106 ;
1149 1043 1242 1097 sird
1269 1044 1453 1095 horum
1496 1042 1791 1095 ministerio

239 1137 310 1190 ad
341 1137 497 1188 totius
519 1134 662 1189 orbis
688 1134 1060 1201 plenitudinem
1090 1135 1338 1200 pervenit.
1371 1132 1622 1198 Quamvis
1645 1141 1790 1185 recte

241 1227 296 1278 in
326 1225 601 1278 latitudine
627 1224 945 1286 tabularum,
976 1223 1084 1289 ipsa
1118 1238 1327 1291 qunque
1355 1223 1588 1275 dilatatio
1611 1222 1788 1274 cordis

238 1325 540 1369 sanctorum
571 1315 705 1368 valet
733 1314 974 1380 intelligi,
1007 1327 1101 1380 per
1130 1327 1285 1380 quam
1318 1313 1567 1364 mundum
1608 1310 1788 1376 despi-

236 1419 364 1457 cere
391 1443 405 1465 ,
434 1414 591 1471 atque
620 1403 682 1455 ad
713 1402 1006 1471 appetenda
1033 1403 1266 1456 cmlestia
1295 1402 1463 1454 solent
1492 1401 1788 1453 sublimiter

235 1498 496 1561 accendi,
531 1513 624 1564 per
649 1513 806 1566 quam
845 1512 948 1550 non
980 1500 1149 1550 solum
1192 1497 1388 1550 amicos
1423 1498 1472 1549 in
1507 1499 1610 1549 Deo
1639 1496 1784 1563 ,_sed

236 1588 400 1642 etiam
444 1589 687 1642 inimicos
713 1588 942 1657 gaudent
963 1588 1182 1658 diligere
1212 1599 1423 1656 propter
1447 1588 1627 1642 Deum.
1686 1588 1787 1642 De-

239 1678 399 1746 nique
430 1677 699 1743 videamus
739 1694 895 1732 unam
935 1678 1002 1734 de
1034 1679 1221 1735 tabulis
1255 1679 1608 1743 tabernaculi,
1639 1679 1786 1733 vide-

237 1767 366 1819 licet
387 1767 695 1834 Apostolum
738 1767 978 1831 Paulum,
1029 1769 1256 1837 qualiter
1287 1780 1512 1837 utroque
1544 1769 1700 1824 modo
1727 1784 1786 1823 se

237 1858 517 1911 dilatatum
551 1859 799 1912 insinuet.
848 1859 984 1913 Dicit
1025 1859 1091 1912 de
1130 1860 1352 1924 interna,
1386 1860 1559 1926 idest,
1610 1861 1786 1914 cerdis

244 1947 524 2000 latitudine
551 1966 560 1999 :
591 1946 659 2000 0s
685 1959 909 2000 nostrum
941 1959 1074 2018 patet
1103 1950 1169 2002 ad
1198 1965 1311 2013 vos,
1344 1965 1372 2002 o
1404 1948 1669 2014 Corinthii,
1702 1967 1788 2002 cor

240 2048 470 2090 nostrum
493 2038 758 2092 o’iluttttum
789 2050 898 2100 est;
929 2057 1024 2092 non
1052 2042 1405 2108 angustiamini
1428 2042 1479 2094 in
1508 2042 1668 2107 nobis,
1695 2059 1785 2094 auo

233 2129 529 2196 gustiomini
557 2139 722 2182 autem
751 2131 802 2183 in
838 2131 1102 2185 visceribus
1131 2134 1322 2184 vestris.
1372 2131 1635 2202 Tanquam
1665 2134 1785 2199 ﬁliis

232 2221 378 2283 dico,
404 2220 690 2273 dilatantini
723 2229 767 2272 et
810 2238 894 2274 vos
924 2220 1009 2292 (11
1041 2222 1157 2276 Cor.
1193 2225 1290 2284 VI).
1325 2224 1457 2277 Dicit
1496 2232 1550 2278 et
1579 2223 1645 2278 de
1674 2224 1780 2288 illa,

233 2323 338 2376 qua
369 2308 431 2361 ad
458 2306 745 2374 profectum
779 2311 1118 2374 tabernaculi,
1153 2311 1250 2365 hoc
1277 2323 1356 2366 est
1378 2325 1576 2368 saneta:
1604 2313 1786 2369 Eccle-

233 2399 332 2449 sia:
363 2398 432 2450 oti
464 2398 666 2451 solebat
696 2415 707 2451 :
743 2398 826 2452 Ita
856 2409 906 2453 ut
930 2401 991 2453 ab
1024 2400 1342 2455 Hierusalem
1373 2418 1458 2467 per
1490 2403 1782 2470 circuitum,

236 2503 393 2554 usque
423 2487 510 2538 .ad
562 2485 823 2556 Illyricum
882 2491 1169 2560 repleverim
1221 2491 1547 2561 Evnngelium
1604 2493 1788 2547 Christi

237 2576 416 2641 (liam.
452 2576 586 2643 xm).
629 2576 801 2631 Facta:
833 2588 954 2632 sunt
986 2579 1286 2646 hnjnsmodi
1321 2582 1508 2635 tabulae
1539 2582 1604 2636 de
1634 2583 1785 2650 lignis

237 2665 420 2724 setiin,
471 2664 521 2716 id
552 2675 650 2730 est,
678 2666 968 2732 syinarnm.
998 2668 1175 2737 Spinar
1198 2672 1494 2739 verojuxta
1523 2672 1782 2740 eloquium

235 2752 554 2816 Salvatoris,
606 2770 740 2807 cura:
768 2768 883 2808 sunt
910 2757 1064 2824 hujus
1093 2761 1300 2823 swculi,
1348 2762 1544 2813 delicia:
1571 2772 1614 2815 et
1645 2764 1786 2814 volu-

234 2851 396 2908 prater
422 2842 631 2910 fallaces
651 2845 861 2909 (Matth.
889 2862 999 2900 xm.
1027 2847 1188 2901 Marc.
1218 2851 1311 2917 tv).
1339 2849 1442 2904 Sed
1471 2859 1523 2903 et
1551 2854 1786 2919 punetio-

235 2948 329 2985 nos
369 2945 699 3000 peccatorum
733 2952 835 2990 non
890 2939 1178 3008 incoogrue
1207 2939 1371 3008 spinis
1397 2942 1779 2997 assimilantur.

241 3022 374 3076 llinc
403 3027 598 3079 eten'm
629 3027 882 3096 scriptum
911 3037 992 3083 est
1025 3047 1034 3079 :
1072 3029 1202 3094 Quia
1247 3031 1404 3099 spina:
1431 3044 1701 3085 nascantur
1732 3035 1782 3085 iu

1897 499 2017 565 quia
2048 499 2229 552 decem
2260 501 2486 552 nummis
2515 501 2873 566 compleatur;
2925 501 3081 553 statui
3115 500 3302 555 futurae
3355 519 3445 555 ltu-

1897 595 2018 639 stra:
2049 587 2379 640 beatitudinis
2408 596 2528 654 apte
2575 591 2836 656 congruit,
2882 605 2997 656 qua:
3028 590 3076 641 in
3112 605 3230 643 vera
3266 592 3354 645 Dei
3385 603 3441 644 et

1896 679 2115 745 proximi
2167 678 2451 732 dilectione
2502 680 2788 748 perﬁcitur.
2847 682 2981 733 Dens
3036 697 3258 748 namque
3311 683 3446 734 solet

1898 768 2124 819 ternario
2161 783 2300 836 saepe
2333 785 2548 823 numero
2581 781 2792 838 propter
2820 786 2956 833 cam,
3004 786 3120 838 qua:
3162 771 3276 838 ipse
3321 781 3436 832 est,

1893 859 2205 914 Trinitatem
2257 863 2464 930 lignrari
2490 902 2505 928 ,
2540 864 2698 916 homo
2725 864 3058 931 septenario;
3101 864 3218 931 quia
3251 879 3441 932 corpus

1894 963 1957 1000 ex
1981 957 2203 1016 quatuor
2233 951 2525 1006 notissimis
2551 951 2706 1005 habet
2732 953 3026 1006 elementis.
3061 954 3262 1006 Animae
3290 968 3443 1020 vero,

1903 1036 1998 1089 hoc
2027 1051 2109 1091 est
2137 1039 2404 1093 interioris
2438 1040 2662 1094 hominis
2699 1043 2990 1095 substantia
3019 1081 3034 1105 ,
3089 1043 3273 1110 triplici
3304 1043 3439 1096 solet

1894 1129 1943 1182 in
1970 1129 2253 1196 Scripturis
2305 1132 2552 1186 distantia
2583 1135 2978 1200 comprehendi.
3015 1134 3146 1187 lline
3188 1143 3268 1187 est
3292 1136 3432 1187 enim

1892 1220 2028 1287 quod
2059 1219 2273 1290 diligere
2302 1223 2576 1276 Dominum
2607 1239 2666 1277 ex
2711 1233 2819 1277 toto
2848 1225 3036 1289 corde,
3097 1233 3201 1277 tota
3225 1227 3395 1277 anima
3422 1268 3435 1287 ,

1892 1323 1996 1365 tota
2029 1314 2219 1366 virtute
2249 1324 2423 1366 nostra
2455 1314 2809 1381 principimns.
2864 1314 3001 1368 Bene
3050 1330 3177 1382 ergo
3211 1314 3399 1368 tabula:
3421 1356 3436 1379 ,

1890 1405 2074 1472 quibus
2105 1408 2295 1458 erectis
2318 1420 2378 1460 ac
2406 1405 2663 1459 stantibus
2693 1406 3095 1460 tabernaculum
3126 1421 3285 1459 omne
3307 1421 3436 1459 cnn-

1891 1495 2102 1559 tinetur,
2152 1495 2331 1548 decem
2357 1496 2559 1548 cubitos
2604 1495 2795 1547 habent
2815 1495 3111 1548 altitudinis
3143 1512 3155 1558 ;
3197 1496 3314 1563 quia
3342 1495 3437 1547 do-

1890 1591 2064 1637 ctores
2101 1597 2163 1637 ac
2210 1593 2439 1638 rectores
2479 1593 2671 1638 sancta:
2704 1583 2954 1638 Ecclesiae
2990 1587 3101 1638 liae
3145 1584 3436 1638 intentione

1893 1670 2000 1725 Deo
2024 1671 2344 1737 deserviunt,
2378 1683 2434 1727 ut
2459 1674 2626 1743 ipsum
2649 1675 2822 1727 anima
2847 1683 2898 1728 et
2925 1689 3083 1728 carne
3111 1675 3437 1729 immortales

1819 1753 1865 1813 B
1893 1775 1953 1815 ac
1983 1763 2117 1817 beati
2151 1763 2200 1816 in
2228 1774 2479 1818 :eternum
2511 1764 2690 1818 videre
2737 1775 3033 1818 mereantur
3054 1806 3068 1828 ,
3113 1766 3174 1818 ad
3208 1767 3342 1820 hunc
3375 1768 3436 1820 li-

1893 1866 2011 1905 nem
2044 1853 2164 1907 vita:
2209 1868 2392 1906 omnes
2422 1868 2544 1907 suos
2591 1853 2857 1907 auditores
2877 1894 2890 1916 ,
2942 1864 2992 1907 et
3022 1856 3181 1910 verbo
3210 1871 3434 1924 semper.

1897 1954 1952 1998 et
1980 1959 2139 2011 opere
2189 1959 2495 2011 provocare,
2547 1960 2607 1998 ac
2653 1946 2808 1999 veluti
2854 1946 3177 2011 snSpendere
3224 1957 3435 2000 conten-

1890 2033 2039 2086 dunt.
2087 2033 2234 2099 Quod
2259 2049 2384 2087 vero
2432 2035 2554 2100 ipsa:
2587 2035 2772 2087 tabula:
2818 2035 3021 2086 cnbitns
3050 2049 3112 2089 ae
3155 2036 3426 2089 semissem

1891 2123 1943 2176 in
1994 2123 2267 2176 latitudine
2298 2123 2600 2183 habebant,
2651 2122 2833 2188 plenus
2871 2122 2957 2175 ille
2984 2122 3191 2175 cubitus
3232 2127 3432 2190 perlec-

1894 2214 2090 2268 tionem
2121 2215 2271 2267 home
2297 2214 2645 2280 Operationis;
2675 2212 2948 2266 dimidium
2988 2214 3145 2266 cubiti
3176 2216 3315 2280 quod
3347 2232 3433 2268 su-

1892 2317 2067 2376 perest
2092 2350 2106 2374 ,
2160 2306 2544 2359 inchoationem
2590 2304 2778 2359 divina:
2807 2305 3036 2358 ostendit
3066 2305 3379 2373 cognitionis
3420 2325 3430 2359 :

1887 2404 2007 2470 quia
2040 2402 2282 2455 nimirum
2310 2401 2435 2469 justi
2468 2401 2518 2453 in
2552 2399 2649 2454 hac
2684 2402 2786 2452 vita
2821 2401 3049 2467 pet-lcete
3081 2400 3432 2469 eleemosynis

1891 2495 2155 2559 insistere,
2186 2494 2507 2549 orationibus
2537 2506 2747 2555 vacare,
2784 2491 2999 2557 jejnniis
3029 2489 3292 2558 castigari,
3323 2503 3432 2541 ea:-

1891 2584 2120 2654 terisqne
2167 2583 2464 2648 hnjnsmodi
2511 2582 2714 2635 actibus
2765 2581 3022 2649 religiosis
3063 2591 3275 2648 possunt
3309 2594 3435 2646 ape-

1896 2687 2008 2726 ram
2040 2671 2184 2725 dare.
2221 2671 2384 2723 Deum
2410 2685 2536 2723 vero
2560 2671 2766 2723 interim
2801 2669 2899 2721 lide
2923 2668 3309 2737 cognoscimus,
3339 2668 3429 2721 sed

1888 2763 2093 2829 plenam
2139 2761 2252 2828 ejus
2280 2760 2630 2827 cognitionem
2680 2761 2730 2811 in
2787 2761 2960 2811 lu'tiro
3008 2773 3298 2826 speramus,
3349 2758 3429 2811 di-

1886 2859 2038 2904 cente
2068 2851 2181 2917 ipso
2215 2850 2319 2902 Deo
2350 2863 2411 2901 ac
2459 2848 2677 2901 Domino
2707 2855 2885 2900 nostro
2923 2845 3045 2914 Jesu
3082 2845 3297 2898 Christo
3327 2864 3336 2896 :
3373 2846 3432 2898 Si

1887 2939 2168 2991 ntanseritis
2195 2939 2246 2990 in
2279 2939 2421 2991 verba
2452 2953 2579 3000 meo,
2613 2953 2721 2991 vere
2748 2937 2988 3007 discipuli
3032 2937 3128 2988 mei
3175 2936 3336 3002 eritis,
3382 2945 3430 2986 et

1887 3027 2185 3096 cognoscetis
2212 3027 2463 3078 ueritatem
2502 3024 2678 3096 (Joau.
2727 3025 2861 3094 vni).
2895 3025 2991 3090 Qui
3024 3039 3206 3078 rursus
3244 3023 3306 3076 ad
3336 3022 3430 3075 l’a-

233 3114 465 3167 manibus
505 3118 762 3170 temulenti
791 3117 968 3186 (Prov.
1006 3119 1172 3187 xxvi.)
1211 3120 1257 3172 id
1289 3119 1401 3182 est,
1455 3121 1505 3173 ιιι
1535 3121 1780 3188 operibus

1889 3125 2015 3170 trem
2047 3134 2057 3168 :
2091 3115 2213 3170 ιιωε
2241 3127 2310 3170 est
2340 3118 2530 3183 autem,
2557 3118 2742 3186 inquit,
2783 3118 2881 3170 vita
2926 3127 3132 3178 (eterna,
3167 3105 3430 3183 ut'coquo-

237 3207 388 3258 stulti
419 3219 646 3275 peccata.
695 3210 826 3274 Quia
854 3226 978 3278 ergo
1010 3211 1380 3278 praedicatores
1419 3212 1614 3275 sancti,
1669 3222 1723 3266 et
1752 3227 1781 3264 a

235 3299 609 3363 punctionibus
656 3315 715 3354 se
763 3293 1006 3354 vitiorum
1060 3317 1378 3371 expurgare,
1433 3312 1486 3357 et
1537 3303 1781 3357 omnibus

233 3386 414 3439 tnundi
465 3391 606 3442 euris
648 3404 706 3442 ac
732 3389 1171 3444 delectationibus
1201 3405 1400 3446 exuere
1429 3392 1739 3447 studuerunt
1764 3432 1778 3454 .

231 3483 492 3542 quatenus
525 3465 689 3532 libera
724 3490 902 3534 tuente
947 3479 996 3533 in
1025 3489 1203 3534 amere
1231 3482 1324 3535 Dei
1354 3489 1407 3535 et
1437 3481 1664 3546 proximi
1694 3481 1778 3534 di-

234 3567 420 3628 latari,
449 3576 603 3633 atque
631 3568 694 3619 ad
727 3570 1113 3634 priedicandum
1146 3569 1364 3622 verbum
1394 3570 1546 3635 longe
1575 3570 1778 3636 lateque

232 3655 439 3721 possint
466 3654 795 3719 discurrere;
828 3667 970 3710 recte
997 3657 1210 3720 dicitur,
1242 3659 1360 3726 quia
1395 3659 1460 3712 de
1492 3659 1642 3726 lignis
1671 3660 1776 3726 spi-

233 3759 423 3796 narum
473 3744 659 3797 tabulge
689 3756 809 3799 sunt
865 3748 1011 3799 facta:
1059 3748 1378 3802 tabernaculi
1417 3769 1425 3800 ;
1461 3748 1610 3802 factm
1659 3758 1781 3804 sunt

232 3849 462 3900 namque
487 3835 550 3891 de
577 3838 760 3905 spinis,
793 3838 885 3892 sed
918 3840 996 3892 bis
1020 3856 1134 3908 qua:
1168 3856 1349 3894 omnes
1379 3842 1622 3910 spinosos
1651 3858 1776 3897 acu-

233 3924 348 3976 leos
398 3940 613 3992 prorsus
661 3936 944 3990 exuerant,
975 3943 1037 3982 ac
1086 3930 1200 3983 solo
1248 3930 1479 3984 candore
1523 3933 1776 3985 nitebant.

227 4010 362 4064 Nam
403 4022 455 4066 et
491 4016 662 4068 sancti
707 4016 935 4084 quique,
986 4032 1048 4072 ac
1096 4020 1373 4074 virtutibus
1416 4022 1775 4088 splendentes,

230 4101 392 4154 ctiam
435 4117 552 4155 cum
593 4105 690 4172 ipsi
724 4113 936 4173 peccato
967 4117 1087 4160 sunt
1116 4109 1295 4175 prima:
1335 4112 1778 4176 przevaricationis

232 4194 474 4260 concepti
508 4208 569 4246 ac
594 4195 733 4260 nati,
766 4196 828 4250 ad
861 4197 1001 4264 ipsos
1027 4213 1233 4266 quoque
1265 4202 1486 4267 pertinet
1518 4201 1778 4270 generalis

233 4280 323 4334 illa
352 4283 652 4345 damnatio,
698 4299 793 4349 qua
829 4284 951 4337 Adae
984 4289 1220 4352 peccanti
1242 4290 1439 4341 dictum
1467 4300 1546 4342 est
1581 4308 1590 4342 :
1624 4290 1779 4342 Terra

230 4382 322 4421 tua
367 4372 536 4435 spinas
576 4379 621 4424 et
667 4372 877 4424 tribulos
902 4375 1197 4441 germinabit
1225 4379 1311 4428 tibi
1351 4378 1498 4442 (Gen.
1531 4381 1609 4445 ιιι)
1641 4399 1651 4430 ;
1685 4379 1776 4433 sed

232 4459 401 4528 gratia
438 4460 525 4512 Dei
564 4477 652 4527 per
682 4460 856 4515 Jesnnt
898 4462 1161 4516 Christum
1194 4467 1407 4531 spiculis
1435 4476 1554 4520 sunt
1596 4485 1779 4537 pecca-

227 4560 466 4603 catorum
499 4553 727 4605 omnium
760 4554 919 4618 exuti,
964 4571 1020 4607 ac
1050 4555 1209 4620 digno
1237 4557 1486 4610 virtutttm
1519 4561 1778 4614 exercitio

229 4641 286 4694 iii
315 4649 629 4695 structuram
660 4642 843 4696 domus
872 4645 985 4712 ejus
1013 4646 1194 4714 aptati.

308 4729 571 4785 Habebunt
602 4745 765 4788 autem
813 4737 1024 4805 singula:
1072 4737 1257 4789 tabula:
1301 4738 1452 4790 denos
1494 4741 1683 4792 cubitos
1728 4745 1778 4793 in

232 4823 576 4891 longitudine,
623 4836 727 4879 etc.
779 4826 1070 4892 Longitudo
1102 4828 1390 4879 tabularum
1422 4829 1645 4881 altitudo
1673 4839 1772 4894 est,

232 4929 353 4979 qua:
402 4919 584 4967 ilecetn
625 4917 830 4969 cubitos
863 4917 1127 4969 habebat:
1162 4915 1280 4983 quia
1320 4919 1485 4968 sancti
1540 4916 1783 4970 doctores

231 5014 328 5068 per
375 5002 760 5058 observantiam
814 5007 1052 5073 decalogi
1105 5005 1231 5073 legis
1285 5006 1346 5057 ad
1407 5005 1784 5072 perfectionem

232 5092 454 5145 tendunt
482 5111 494 5155 ;
529 5096 645 5160 quia
700 5113 792 5163 pro
827 5099 1160 5165 perceptione
1188 5099 1385 5151 denarii
1417 5099 1589 5149 diurni
1621 5099 1669 5150 in
1705 5099 1782 5151 vi-

229 5195 330 5234 nea
365 5181 561 5234 Christi
607 5184 882 5251 laborant,
938 5190 985 5240 id
1019 5199 1119 5253 est,
1155 5190 1240 5240 illa
1295 5189 1582 5242 intentione
1622 5192 1782 5241 verbo

229 5270 485 5323 doctrina:
530 5271 794 5337 insistunt,
838 5285 892 5328 ut
942 5277 1221 5344 imaginem
1273 5280 1324 5331 in
1374 5295 1429 5332 se
1469 5280 1548 5333 sui
1591 5279 1780 5332 Condi-

231 5355 443 5413 toris‘ac
480 5360 620 5428 regis
649 5401 663 5425 ,
707 5376 860 5428 quam
893 5363 1058 5416 Adam
1110 5355 1359 5429 peccante
1405 5369 1776 5436 perdiderunt,

231 5451 347 5518 ipso
376 5448 601 5504 donante
633 5446 954 5515 restauren‘i,
997 5463 1050 5505 ut
1082 5469 1272 5508 nomen
1316 5460 1458 5524 ejus,
1493 5459 1627 5525 quod
1662 5474 1782 5527 pec-

229 5542 404 5598 cando
448 5545 768 5604 atniserant,
835 5553 976 5597 recte
1018 5545 1241 5598 vivendo
1305 5550 1574 5616 recipiant.
1635 5550 1779 5602 Solet

228 5647 450 5703 namque
491 5637 543 5690 in
577 5634 790 5688 denario
821 5636 956 5702 regis
989 5649 1177 5690 nomen
1212 5648 1262 5690 ct
1303 5639 1469 5707 imago
1501 5640 1773 5693 contineri.

1881 3212 2023 3256 scunt
2051 3213 2096 3257 te
2128 3205 2287 3256 solum
2314 3215 2360 3256 et
2388 3221 2555 3257 verum
2582 3205 2763 3269 Deum,
2793 3215 2836 3258 et
2867 3223 3012 3272 quem
3043 3208 3223 3258 misisti
3252 3203 3429 3258 Jesum

1884 3294 2131 3349 Christum
2155 3292 2328 3362 (Joan.
2363 3295 2510 3359 xvii).
2545 3294 2672 3346 llinc
2701 3295 2862 3346 etiam
2899 3295 3180 3360 Apostolus
3207 3294 3272 3347 ait
3305 3313 3314 3344 :
3352 3293 3428 3346 Ea:

1881 3385 2024 3450 parte
2056 3383 2186 3434 enim
2230 3384 2606 3450 cognoscimus,
2655 3379 2702 3433 et
2756 3398 2817 3435 ex
2867 3393 3005 3449 parte
3052 3388 3426 3452 prOphetamus.

1883 3470 2153 3541 Nunquid,
2180 3470 2272 3535 ait,
2297 3487 2359 3523 ea:
2379 3482 2518 3539 parte
2540 3470 2820 3524 laboramus
2854 3488 2942 3541 pro
2961 3471 3179 3534 Christo,
3208 3491 3269 3527 ex.
3291 3485 3432 3541 parte

1879 3562 2022 3615 verba
2050 3563 2420 3628 praedicationis
2463 3563 2707 3615 instamus
2733 3604 2746 3626 ,
2779 3579 2841 3617 ex
2870 3574 3010 3633 parte
3042 3566 3181 3619 bonis
3203 3569 3432 3635 operibus

1881 3652 2117 3703 servimus
2150 3649 2198 3719 (Ι
2229 3651 2344 3704 Cor.
2380 3652 2529 3719 xui)?
2561 3654 2778 3706 Plenum
2819 3669 2946 3720 ergo
2988 3656 3135 3707 bonis
3183 3657 3428 3723 operibus

1880 3743 2111 3796 Cubitum
2136 3743 2327 3797 habent
2353 3745 2402 3796 in
2429 3745 2524 3797 bac
2548 3746 2647 3797 vita
2677 3745 2860 3809 electi;
2885 3746 2974 3800 sed
3003 3747 3229 3800 cubitum
3264 3748 3429 3802 beata!

1882 3833 2247 3888 retributionis
2293 3850 2356 3888 ex
2405 3845 2552 3901 parte
2593 3835 2802 3900 habent,
2855 3838 2904 3889 in
2953 3848 3203 3906 quantum
3236 3840 3422 3906 gaudia

1881 3924 2024 3990 regni
2078 3924 2355 3990 perennis,
2403 3934 2455 3978 et
2498 3928 2828 3992 praesentiam
2861 3928 2938 3980 sui
2969 3927 3266 3981 Conditoris
3305 3945 3427 3995 pos-

1880 4023 1999 4066 sunt
2027 4011 2300 4065 desideriis
2348 4023 2666 4080 praegustare
2713 4017 3031 4068 caelestibus.
3063 4015 3223 4082 Cujus
3269 4017 3421 4069 etiam

1880 4101 2039 4152 cubiti
2089 4100 2461 4170 adimpletio‘ne
2509 4111 2633 4155 tunc
2683 4102 3067 4167 beatiﬁcantur,
3099 4119 3216 4156 cum
3267 4104 3424 4160 fuerit

1879 4203 2072 4256 sermo,
2104 4204 2260 4257 quem
2284 4193 2426 4244 omni
2449 4192 2732 4247 electorum
2757 4195 2946 4263 populo
2980 4197 3214 4262 promisit
3243 4198 3290 4250 in
3321 4201 3422 4254 line

1880 4277 2130 4343 futurum,
2162 4281 2378 4336 dicens:
2411 4283 2637 4353 Eripiam
2684 4301 2830 4352 eum,
2871 4297 2914 4352 et
2943 4287 3236 4356 gloriﬁcabo
3279 4306 3387 4342 eum
3409 4330 3424 4349 ,

1881 4371 2191 4439 longitudine
2239 4373 2433 4426 dierum
2478 4375 2759 4443 adimplebo
2786 4393 2926 4443 eum,
2969 4387 3015 4429 et
3055 4381 3308 4432 ostendam
3356 4383 3429 4432 illi

1808 4446 1858 4506 D
1881 4462 2104 4518 salutare
2132 4479 2294 4516 meum
2326 4460 2545 4532 (Psalm.
2577 4466 2688 4532 xc).

1954 4556 2014 4608 In
2063 4554 2296 4608 lateribus
2349 4553 2531 4604 tabuit:
2576 4554 2689 4605 dua:
2729 4555 3073 4607 iucastratura:
3112 4559 3268 4624 ﬁant,
3318 4572 3422 4613 etc,

1883 4650 2246 4701 lncastratura:
2276 4646 2324 4693 in
2354 4640 2603 4693 lateribus
2651 4641 2939 4694 tabularum
2991 4648 3230 4697 virtutem
3281 4648 3423 4700 desi-

1881 4746 2039 4804 gnant
2069 4731 2383 4786 humilitatis
2425 4729 2476 4781 in
2507 4730 2769 4783 mentibus
2795 4731 3078 4799 justornm,
3134 4751 3222 4802 per
3269 4754 3421 4803 quam

1881 4829 2105 4880 tnaxime
2147 4824 2243 4876 sibi
2293 4824 2514 4876 invicem
2562 4824 2784 4875 fraterna
2833 4826 3085 4879 charitate
3120 4830 3426 4896 junguntur.

1892 4918 2020 4970 Dum
2070 4917 2208 4969 enim
2244 4914 2429 4981 singuli
2459 4915 2651 4983 quique
2693 4929 2872 4968 eorum
2913 4919 3069 4971 corde
3109 4921 3330 4973 contrito
3375 4932 3429 4973 et

1893 5007 2168 5060 humiliato
2192 5005 2583 5072 receptaculum
2613 5007 2664 5059 in
2694 5021 2749 5060 se
2782 5009 3133 5075 proximorum
3156 5009 3425 5064 dilectioni

1890 5105 2202 5165 prarparant,
2232 5105 2283 5149 et
2311 5095 2560 5165 diligendi
2589 5111 2646 5149 se
2685 5096 2929 5150 fratribus
2984 5101 3168 5151 merito
3222 5100 3428 5164 pietatis

1886 5202 1947 5240 ac
1978 5187 2273 5240 devotionis
2303 5189 2574 5251 exhibent,
2596 5188 2741 5256 quasi
2774 5188 2964 5238 tabulae
3015 5202 3201 5240 omnes
3253 5192 3425 5245 taber-

1887 5277 2058 5331 naculi
2091 5278 2141 5328 in
2177 5277 2484 5330 alterutrum
2516 5292 2607 5345 per
2638 5277 2994 5329 incastraturte
3040 5292 3228 5329 nexum
3262 5294 3422 5346 cepu-

1887 5369 2058 5422 lantur
2090 5383 2102 5418 :
2137 5379 2190 5422 et
2222 5371 2428 5438 quidem
2469 5377 2645 5420 erecto
2679 5366 3035 5430 tabernaculo,
3067 5382 3129 5421 ac
3161 5372 3418 5438 regulari-

1886 5468 1962 5511 ter
2011 5467 2131 5510 ante
2185 5461 2421 5511 ordinata
2471 5471 2730 5525 compage
2785 5456 3096 5520 tabularum,
3132 5462 3292 5529 lignra
3345 5465 3423 5515 in-

1885 5559 2194 5602 CasIrattira‘.
2229 5568 2328 5604 non
2370 5550 2620 5603 cernitur.
2651 5551 2851 5618 Quanta
2884 5561 3052 5606 tamen
3099 5556 3288 5607 virtute
3345 5567 3422 5607 ta-

1884 5639 2031 5693 bulas
2054 5640 2267 5694 sibimet
2301 5640 2701 5705 coailunaverii,
2736 5644 2842 5712 ipsa
2875 5643 3086 5712 parietis
3132 5645 3418 5697 inconcussi
