3898 6260
553 388 653 442 459

1046 382 1242 439 ΒΕΒΑΞ
1288 379 1725 435 ιἰἀκειιιιιιιιδιδ
1767 375 2048 431 ιιιιιςιιυιι
2080 394 2094 478 ἰ

2199 379 2266 431 ts
2311 379 2374 432 ll.
2416 350 2908 441 ——,execr.'rtc.\
2951 376 3264 432 essurus.
3660 373 3750 427 tiu

556 504 702 554 firma
730 498 992 552 stabilitas
1026 494 1255 550 ostendit
1283 510 1298 546 :
1355 491 1475 558 quia
1525 493 1772 544 nimirum
1830 491 2094 543 humilitas
2127 490 2174 549 Α
2205 488 2352 542 Unde
2381 499 2462 542 est
2493 490 2618 543 illud
2667 491 2716 541 itt
2763 489 3044 557 Evangelia
3085 487 3373 552 saepissime
3423 488 3707 552 repetitum
3737 501 3750 537 :

551 587 727 640 cordis
772 596 1091 646 sanctorum,
1116 594 1221 652 qua
1248 580 1355 635 sibi
1383 581 1696 633 alterutrum
1745 579 2095 644 foederantur,

559 674 1010 730 furisbomiuibus
1040 670 1200 727 videri
1250 684 1352 724 non
1404 679 1597 739 potest,
1646 669 1737 723 sed
1779 669 1903 738 quid
1960 669 2103 723 intus

555 775 823 832 opt-retur,
851 781 912 819 ex
937 765 1052 833 ipso
1079 771 1276 816 sanctae
1299 761 1556 816 Ecclesia:
1588 761 1926 827 pacatissimo
1953 770 2096 814 statu

544 858 722 924 palam
754 855 997 909 omnibus
1021 861 1182 922 patet.
1215 849 1316 904 Per
1342 863 1497 918 quam
1528 849 1879 902 miratdivina:
1908 849 2094 916 gratia:

549 947 959 1016 dispensationis
988 944 1179 1013 agitur,
1214 952 1267 994 ut
1297 956 1414 1009 nos,
1461 941 1511 994 itt
1543 955 1673 1009 quos
1704 938 1839 994 fines
1869 941 2095 994 saeculo-
2139 928 2150 947 ⁶

548 1057 662 1093 rum
692 1042 1040 1102 devenerunt,
1074 1037 1230 1092 etiam
1260 1048 1351 1088 eos
1389 1031 1476 1100 qui
1505 1034 1555 1086 in
1599 1032 1889 1100 primordio
1918 1032 2097 1088 sazculi

547 1130 760 1184 fuerunt
791 1128 992 1192 fideles,
1038 1125 1247 1179 sincero
1290 1122 1481 1178 affectu
1525 1123 1840 1190 diligamus,
1886 1132 1938 1175 et
1994 1138 2097 1176 non

547 1221 733 1278 minus.
764 1219 878 1272 illos
907 1232 1060 1287 quam
1089 1231 1184 1271 eos
1213 1215 1298 1286 qui
1335 1214 1608 1268 nobiscum
1639 1213 1690 1266 in
1724 1212 1970 1281 presenti
2021 1214 2098 1268 vi-

549 1320 698 1375 vunt,
755 1309 806 1363 in
861 1310 976 1362 sinu
1019 1307 1182 1361 nostri
1233 1305 1430 1358 amoris
1481 1302 1848 1371 suscipiamus,
1904 1311 1958 1357 et
2001 1318 2100 1358 nos

550 1416 759 1472 quoque
783 1401 849 1454 ab
867 1399 969 1458 illis
993 1414 1083 1468 per
1101 1397 1433 1464 complexum
1451 1393 1722 1449 cbaritatis
1738 1393 2099 1462 suscipiendos

548 1507 668 1548 esse
703 1491 999 1545 credamus.
1028 1489 1173 1556 Quod
1217 1496 1389 1541 autem
1417 1485 1633 1554 iubetur
1663 1486 1794 1539 duas
1825 1486 1876 1540 in
1910 1487 2099 1541 tabulis

549 1585 773 1654 singulis
804 1584 1174 1637 incastraturas
1206 1583 1336 1644 fieri,
1372 1581 1469 1636 hoc
1491 1589 1572 1635 est
1602 1580 1654 1642 in
1678 1587 1904 1649 utroque
1933 1581 2096 1637 latere

546 1677 777 1736 illarum.
809 1675 1089 1742 dupliciter
1117 1673 1285 1740 accipi
1337 1686 1430 1741 per
1459 1671 1682 1740 figuram
1736 1680 1927 1739 potest,
1961 1680 2016 1725 ut
2044 1681 2100 1726 et

547 1770 600 1822 itt
653 1767 919 1836 prosperis
975 1766 1128 1818 simul
1184 1774 1339 1830 atque
1391 1762 1626 1817 adversis
1673 1762 1922 1816 inviolata
1972 1778 2095 1831 erga

2203 577 2343 631 Tunc
2371 580 2700 647 adimpletum
2723 582 2946 648 estquod
2972 580 3156 630 dictum
3195 589 3266 630 est
3311 593 3398 644 per
3451 579 3751 645 prophetam

2203 668 2412 736 (Matth.
2448 670 2505 736 t),
2535 680 2622 721 et:
2656 667 2761 722 lloc
2782 681 2949 721 autem
2976 678 3134 721 totum
3156 669 3341 735 factum
3367 678 3473 729 est,
3505 677 3560 717 ut
3593 667 3751 717 adite-

2199 760 2455 829 pletentur
2511 761 2789 830 Scriptum
2837 761 3195 829 prop/ictuum
3246 758 3439 826 (ﬂare.
3495 760 3635 822 xlv).
3693 758 3751 812 Et

2198 848 2471 916 apostolus
2504 851 2685 907 Petrus
2716 850 2781 904 de
2816 850 3034 902 llntnittu
3067 850 3421 901 testimonium
3470 848 3752 915 perhibent

2199 940 2418 1005 adjecit:
2443 939 2504 992 Et
2528 940 2765 993 habemus
2791 939 3062 1004 ﬁrmiorem
3085 939 3431 1006 praplteticum
3452 954 3749 1001 sermonem,

2199 1033 2280 1083 cui
2302 1030 2423 1083 bene
2467 1032 2637 1100 facitis
2675 1031 2985 1083 attendentes
3017 1028 3100 1098 (II
3135 1028 3272 1084 Petr.
3307 1033 3368 1097 ι).
3409 1029 3553 1082 ιιι-ηε
3581 1040 3748 1083 autem

2201 1120 2421 1187 singulis
2451 1119 2643 1196 tabulis
2671 1119 2808 1173 hirta:
2831 1120 2983 1172 bases
3010 1134 3124 1184 sup;
3145 1127 3399 1183 oriuntur,
3443 1130 3499 1171 ut
3527 1133 3749 1174 conseth

2200 1228 2290 1268 sus
2321 1215 2636 1282 prepbetics
2665 1213 3016 1268 attestationis
3048 1212 3099 1266 in
3149 1213 3395 1266 omnibus
3452 1226 3577 1281 quas
3623 1227 3748 1279 spo-

2201 1306 2320 1359 stoli
2355 1306 2558 1369 dixere,
2592 1313 2932 1360 monstretur.
2970 1305 3060 1360 \'el
3103 1315 3251 1359 certe
3297 1305 3433 1358 hinc
3463 1305 3618 1357 bases
3647 1304 3749 1356 sin~

2199 1397 2335 1466 gulis
2366 1397 2562 1450 tabulis
2593 1390 2686 1462 per
2708 1397 2842 1450 duos
2872 1397 3088 1466 angulos
3119 1375 3490 1464 subjiciuntur,
3539 1403 3595 1447 ut
3622 1393 3752 1446 bene

2199 1487 2428 1542 sttll‘ultis
2455 1489 2678 1554 angulis,
2714 1497 2820 1542 tota
2851 1495 2992 1541 recte
3030 1497 3084 1540 et
3111 1485 3566 1539 indeclinabiliter
3591 1486 3753 1551 possit

2203 1579 2376 1632 tabula
2401 1579 2723 1642 consistere;
2752 1578 2870 1646 quia
2903 1576 3072 1629 omnis
3100 1574 3375 1642 apostolici
3419 1584 3474 1627 et
3517 1589 3750 1644 evange-

2201 1670 2284 1724 lici
2313 1671 2575 1724 sermonis
2609 1671 2658 1722 in
2687 1668 3008 1736 propheticis
3040 1667 3230 1720 litteris
3257 1675 3311 1719 et
3342 1665 3550 1718 initium
3575 1664 3750 1727 praesi-

2201 1766 2414 1824 gnatum
2446 1757 2729 1822 invenitur,
2776 1769 2828 1812 et
2859 1756 2997 1812 finis.
3028 1757 3214 1811 Omnis
3240 1753 3606 1822 apostolorum
3635 1769 3750 1808 sue.

545 1856 872 1924 fratresjura
903 1855 1175 1907 charitatis
1199 1846 1500 1916 scrvemus,
1531 1867 1623 1919 per
1671 1867 1818 1904 arma
1852 1852 2091 1920 justitiae,
2128 1842 2170 1901 Β
2198 1865 2574 1920 ce-stirttnique
2599 1851 2805 1905 illorum
2837 1852 2936 1903 vita
2985 1850 3053 1905 ab
3100 1851 3250 1904 initio
3297 1849 3419 1904 fidei
3471 1863 3639 1917 usque
3687 1849 3749 1902 ad

539 1949 704 2015 jus"
723 1946 1007 2014 exemplum
1040 1944 1599 2013 Apostoli,incedentes
1627 1958 1660 1995 a
1704 1942 1896 1996 dextris
1938 1953 1983 1998 et
2026 1947 2089 1998 si.

541 2039 738 2100 ιιὶδινιε,
768 2045 814 2090 et
843 2037 1058 2103 majores
1085 2036 1418 2103 minoresque,
1448 2034 1544 2087 hoc
1574 2045 1645 2088 est
1673 2042 1720 2087 et
1770 2049 1853 2088 eos
1879 2034 1967 2103 qui
2007 2050 2098 2089 nos

541 2129 594 2182 in
623 2126 820 2182 Christo
849 2137 1231 2194 praeesserurtt,
1275 2137 1322 2180 et
1349 2144 1431 2182 eos
1467 2131 1554 2198 qui
1583 2127 1744 2180 secuti
1769 2138 1906 2193 sunt,
1949 2128 2098 2181 unius

541 2237 708 2276 omnes
756 2222 1077 2292 ejusdemque
1119 2221 1433 2287 dilectionis,
1487 2219 1703 2273 brachiis
1746 2227 1988 2285 tenentes,
2031 2218 2100 2271 ad

541 2310 863 2381 perfectionis
891 2311 1093 2379 fastigia
1123 2309 1406 2362 tendamus.
1440 2308 1695 2377 Sequitur
1727 2324 1741 2361 :

1136 2396 1362 2451 CAPUT
1405 2395 1490 2452 Vl.

814 2483 888 2539 De
912 2486 1199 2538 tabularum
1223 2478 1535 2540 tabernaculi
1563 2485 1830 2559 positione.

611 2576 838 2643 Quarum
883 2578 1064 2650 viginti
1112 2587 1257 2631 erant
1319 2579 1373 2631 in
1421 2579 1577 2632 latere
1622 2577 1934 2641 meridiano,
1988 2585 2091 2631 etc.

539 2668 742 2733 Quanta
774 2665 927 2720 fuerit
953 2667 1229 2734 iortgitudo
1262 2666 1608 2729 tabernaculi,
1642 2666 1943 2734 specialiter
1987 2681 2091 2720 non

542 2756 890 2823 exprimitur;
931 2757 1021 2809 Sed
1049 2771 1110 2810 et
1144 2771 1207 2810 eo
1235 2756 1490 2818 ittuuitur,
1540 2756 1661 2822 quia
1709 2758 1937 2824 parietes
1980 2757 2094 2821 ejus

538 2860 600 2898 es
653 2844 838 2901 tabulis
886 2845 1068 2913 viginti
1098 2848 1357 2915 compacti
1403 2855 1602 2911 essent,
1650 2851 1704 2901 et
1748 2848 1828 2901 ba:
1872 2846 2093 2916 singulae

538 2937 774 2997 singulos
817 2937 1020 2993 cubitus
1072 2953 1134 2993 ac
1181 2941 1454 2994 semissem
1505 2939 1796 2993 latitudinis
1845 2938 2094 2992 habuisse

540 3026 896 3092 perhibentur.
949 3027 1138 3097 Viginti
1179 3043 1406 3098 namque
1433 3029 1616 3094 cubiti,
1641 3041 1692 3082 et
1743 3031 1905 3082 vicies
1932 3030 2093 3083 semis

536 3119 741 3181 cubiti,
798 3120 1008 3182 triginta
1056 3121 1354 3173 cubitorum
1407 3136 1666 3174 summam
1716 3121 2088 3188 complebunt,

538 3219 698 3264 quam
724 3205 887 3260 fuisse
908 3207 1230 3261 tabernaculi
1260 3208 1636 3277 longitudinem
1659 3208 1814 3262 etiam
1833 3209 2091 3275 Josephus

538 3295 742 3348 scribit.
789 3294 853 3347 Et
899 3297 1032 3349 bene
1064 3297 1163 3349 hoc
1214 3311 1435 3353 numero
1468 3297 1790 3350 tabernaculi
1820 3298 2090 3366 longitudo

536 3386 1025 3452 comprehenditur,
1057 3387 1176 3457 quia
1224 3395 1334 3442 tres
1358 3397 1478 3441 sunt
1512 3388 1750 3451 virtutes,
1795 3388 1847 3440 in
1902 3385 2094 3454 quibus

538 3474 899 3541 principaliter
925 3478 1096 3531 omnis
1139 3490 1336 3530 sancta
1365 3475 1616 3531 Ecclesia:
1665 3476 1920 3543 perfectio
1968 3491 2095 3530 con-

538 3564 697 3627 sistit,
757 3566 1002 3619 videlicet
1029 3566 1180 3628 fides,
1227 3580 1348 3632 spes
1396 3575 1450 3621 et
1508 3567 1779 3620 charitas:
1831 3582 1948 3636 qua:
2002 3581 2094 3636 per

537 3657 720 3712 decem
754 3644 1188 3725 multiplicantur,
1219 3669 1277 3711 ut
1324 3659 1633 3713 tricenarius
1689 3674 1940 3713 numerus
1994 3660 2094 3711 im-

537 3748 766 3818 pleatur,
787 3746 911 3808 dum
935 3747 1213 3802 virtutibus
1230 3748 1422 3812 mentis
1434 3761 1595 3814 opera
1619 3751 1752 3802 bona
1772 3749 2088 3816 junguntur,

535 3850 653 3896 quze
682 3835 936 3904 decalngo
980 3835 1107 3903 legis
1154 3836 1506 3900 continentur,
1541 3851 1605 3888 ne
1633 3835 1748 3905 quis
1779 3836 1879 3889 sibi
1915 3837 2092 3910 fidem,

534 3940 706 3992 spem,
740 3936 789 3979 et
843 3926 1177 3980 dilectionem
1221 3927 1273 3981 in
1310 3929 1471 3981 Deum
1505 3930 1702 3995 absque
1735 3943 1951 3993 operum
2001 3942 2093 3994 ex-

534 4013 808 4068 secutione
833 4023 979 4082 putet
1007 4016 1250 4073 sufficere
1298 4031 1470 4085 pos-e.
1490 4016 1650 4082 ,Quud
1679 4031 1803 4071 vero
1845 4030 2092 4068 numerus

536 4107 832 4162 tabularum
861 4109 1158 4163 tricenarius
1185 4118 1289 4173 est,
1321 4118 1376 4164 et
1407 4109 1506 4164 hoc
1538 4125 1740 4178 magna:
1786 4120 2090 4163 sanctorum

537 4197 877 4263 petfectionis
957 4201 1265 4268 mysterium
1335 4204 1611 4267 cuntinet;
1670 4211 1897 4269 quatuor
1947 4201 2088 4254 enim

534 4287 679 4353 quini
729 4289 925 4342 faciunt
967 4289 1165 4356 viginti.
1214 4291 1279 4343 Et
1307 4306 1424 4344 cum
1462 4290 1542 4343 les
1597 4290 1822 4342 Mosaica
1862 4290 2092 4356 quinque

535 4376 703 4444 libris,
731 4377 900 4444 gratia
931 4389 1107 4434 autem
1151 4387 1202 4432 et
1231 4381 1423 4436 veritas
1456 4377 1585 4430 Novi
1616 4378 1938 4429 'l‘estamenti
1965 4392 2091 4444 qua-

543 4479 661 4524 tuor
691 4470 859 4524 sant'ti
889 4469 1160 4539 Evangelii
1184 4470 1540 4524 voluminibus
1573 4469 1956 4535 comprehensa
1985 4477 2086 4530 est,

533 4561 725 4615 merito
753 4562 920 4615 sancti
953 4562 1198 4614 doctores
1231 4561 1493 4617 vicenario
1523 4574 1741 4612 numero
1782 4558 2084 4626 exprimuu-
2117 4543 2164 4608 D.

537 4659 655 4714 tur;
680 4652 799 4713 quia
828 4652 962 4706 miro
987 4652 1218 4704 veritatis
1247 4665 1534 4712 consensu,
1565 4658 1620 4702 et
1648 4649 1876 4702 revelata
1928 4657 2086 4716 atque

529 4736 794 4809 completa
828 4744 878 4796 in
909 4742 1191 4807 Evangelio
1234 4741 1365 4809 legis
1394 4754 1586 4792 arcana
1635 4739 1996 4800 manifestam,
2037 4748 2093 4790 et

541 4832 872 4900 prmiigurata
898 4833 1061 4895 fuisse
1084 4832 1132 4884 in
1159 4831 1272 4897 lege
1303 4827 1575 4895 Evangelii
1623 4836 1953 4880 sacramenta
1998 4813 2091 4879 de-

535 4924 759 4976 cluraut.
799 4903 1036 4988 Duraque
1061 4932 1114 4973 et
1145 4921 1302 4974 Vetus
1325 4918 1719 4972 Testamentum
1753 4916 1804 4969 in
1837 4915 1984 4970 Novo
2012 4916 2092 4971 di-

541 5013 846 5072 lucidatum,
881 5025 941 5062 ac
981 5008 1150 5063 latiori
1181 5025 1338 5062 sensu
1371 5010 1699 5077 propalatqu
1729 5021 1846 5061 esse
1870 5008 2087 5072 docent,

538 5116 590 5156 et
620 5103 820 5158 Novum
850 5102 900 5154 in
927 5099 1104 5153 Veteri
1134 5099 1526 5163 adumbratam,
1569 5114 1630 5151 ac
1682 5098 1963 5154 multifaria
2015 5111 2091 5167 ty-

539 5211 726 5258 porutu
761 5193 1081 5246 revelatione
1111 5191 1482 5260 praesignatnm
1515 5190 1802 5253 insinuant,
1845 5192 1994 5258 quasi
2040 5191 2089 5242 in
2119 5237 2122 5241 .

542 5284 817 5337 latitudine
864 5298 972 5336 suae
1027 5283 1314 5335 locutionis
1347 5291 1400 5333 et
1424 5289 1646 5347 quatuor
1692 5297 1785 5348 per
1837 5284 2088 5350 quinque.

537 5382 591 5428 et
617 5374 848 5442 q‘n‘tnque
904 5372 1195 5423 tabularum
1245 5386 1519 5425 numerum
1569 5385 1660 5438 per
1704 5383 1929 5438 quatuor
1972 5387 2092 5426 esse

538 5463 939 5529 multiplicatum
987 5461 1370 5512 demonstrant.
1425 5462 1599 5512 Bases.
1649 5470 1824 5513 autem
1898 5461 2093 5529 quibus

540 5553 734 5605 tabulae
763 5550 1220 5614 sustentabantur,
1244 5550 1408 5605 verba
1453 5558 1576 5603 sunt
1607 5557 1660 5603 et
1707 5549 1824 5602 libri
1867 5551 1997 5618 legis
2042 5559 2095 5603 et

539 5643 939 5712 prorihetarum,
961 5644 1149 5709 quibus
1171 5643 1392 5709 apostoli
1416 5651 1470 5695 et
1497 5642 1856 5711 evangelistte,
1887 5656 1950 5697 ea
1977 5657 2094 5709 qua:

542 5732 775 5790 scribere
802 5749 862 5787 ac
890 5732 1190 5802 praedicare,
1218 5746 1334 5788 esse
1356 5746 1475 5789 vera
1497 5746 1557 5788 ac
1576 5731 1748 5789 divina
1775 5733 2084 5808 probabant.

2198 1941 2474 1994 terminum
2518 1942 2636 1995 vitm
2680 1941 2978 2010 praesentis,
3031 1939 3235 1993 eisdem
3296 1938 3541 2010 mysticis
3566 1939 3746 1991 Testa-

2198 2033 2360 2085 tnenti
2395 2031 2598 2086 Veteris
2626 2041 2836 2086 constat
2859 2032 3050 2085 inserta
3075 2046 3193 2084 esse
3227 2030 3448 2101 paginis.
3477 2030 3619 2084 Bene
3657 2044 3744 2080 au-

2199 2131 2302 2176 tem
2364 2121 2562 2176 eadem
2611 2121 2764 2175 bases
2784 2129 3045 2190 argenteae
3074 2131 3195 2173 sunt
3226 2117 3396 2181 factae.
3430 2129 3647 2188 propter
3674 2118 3748 2170 ni-

2199 2221 2366 2266 torem
2391 2213 2634 2266 videlicet
2663 2197 2804 2266 verbi
2834 2210 3064 2266 ctnlestis
3095 2230 3105 2264 :
3143 2211 3358 2278 Eloquia
3403 2213 3544 2263 enim
3581 2208 3748 2261 Domi.

2199 2301 2270 2363 ni,
2318 2301 2520 2370 eloquia
2561 2311 2720 2366 casta,
2767 2312 3030 2371 argentum
3083 2304 3201 2370 igne
3225 2299 3593 2361 examinatum,
3649 2303 3746 2351 etc.

2198 2390 2417 2460 (Psvlm.
2447 2391 2543 2461 ιι).
2767 2455 2771 2458 _

2270 2479 2333 2539 In
2366 2483 2519 2535 latere
2540 2499 2732 2551 quoque
2751 2483 3038 2536 secundo...
3057 2484 3237 2551 viginti
3259 2480 3445 2535 tabulae
3465 2489 3628 2544 erunt,
3650 2485 3749 2534 etc.

2198 2570 2359 2625 Latus
2413 2562 2757 2625 meridianum
2813 2572 3168 2636 tabernaculi,
3214 2571 3352 2640 quod
3399 2569 3649 2640 vergebat
3689 2570 3748 2621 ad

2197 2672 2452 2723 austrum,
2481 2664 2747 2729 antiquom
2779 2662 2921 2716 illam
2956 2662 3045 2716 Dei
3074 2663 3279 2731 plebem
3330 2661 3599 2731 designat.
3636 2674 3748 2730 qua

2200 2750 2369 2802 lucum
2403 2754 2638 2804 scientia:
2667 2753 2850 2820 legalts
2894 2753 3205 2822 jamdudum
3255 2753 3546 2821 accipiens,
3579 2765 3750 2804 amore

2195 2847 2274 2898 sui
2308 2844 2612 2897 (.‘o'nlitoris
2642 2845 2842 2898 fervere
2888 2846 3113 2900 solebat.
3169 2846 3333 2900 Porro
3380 2846 3518 2898 latus
3570 2857 3750 2898 secun-

2196 2931 2340 2992 dum.
2376 2934 2514 3000 quod
2546 2935 2795 3001 vergebat
2819 2935 2884 2987 ad
2911 2936 3232 3001 aquilonem,
3281 2950 3398 2987 eam
3445 2949 3565 3002 qua:
3612 2941 3749 2986 tene-

2197 3020 2305 3073 bris
2333 3039 2394 3075 se
2427 3023 2616 3090 irigmc
2644 3024 2994 3088 infidelitatis,
3031 3036 3199 3093 usque
3247 3025 3310 3076 ad
3338 3035 3550 3093 tempus
3588 3021 3750 3076 domi-

2198 3111 2330 3163 nica:
2371 3111 2746 3165 incarnationis
2789 3123 2995 3181 torpere
3041 3129 3144 3165 non
3186 3113 3484 3177 destiterat,
3519 3114 3746 3183 gentium

2116 3189 2160 3249 C
2198 3200 2588 3255 multitudinem
2615 3200 2820 3270 figurat,
2877 3203 2942 3255 de
2999 3201 3151 3269 cujus
3208 3203 3488 3257 vocatimte
3539 3203 3746 3273 pulchre

2201 3295 2450 3350 Duntiuus
2481 3313 2574 3366 per
2618 3299 2970 3365 prophetam:
3019 3299 3217 3363 Dicant,
3268 3297 3459 3366 inquit,
3510 3296 3745 3366 aquiloni,

2198 3387 2323 3452 Da;
2353 3397 2399 3441 et
2424 3399 2616 3452 austro,
2644 3387 2768 3440 Noli
2800 3389 3078 3456 prohibere.
3122 3389 3269 3454 Quod
3323 3399 3405 3440 est
3452 3379 3746 3454 εβπτιῖἀί-

2197 3492 2360 3532 cere:
2399 3479 2572 3530 Dicam
2607 3479 2800 3545 populo
2831 3479 3066 3545 gentium
3119 3478 3318 3531 diutius
3367 3478 3485 3530 sine
3538 3476 3636 3530 fide
3678 3476 3748 3528 al-

2195 3569 2360 3638 genti,
2397 3567 2464 3622 Da
2496 3570 2560 3621 de.
2590 3569 2690 3622 tuis
2719 3567 2858 3632 ﬁliis,
2887 3569 2972 3636 qui
3006 3571 3068 3620 ad
3116 3583 3248 3628 mea
3281 3569 3435 3624 fidem
3469 3568 3747 3622 confessio-

2197 3659 2280 3712 nis
2329 3668 2382 3712 et
2412 3658 2608 3712 amoris
2631 3659 2966 3712 conveniant.
2996 3659 3172 3712 Dicam
3196 3669 3249 3712 et
3273 3659 3410 3727 plebi
3437 3658 3744 3717 Isne-lilia.

2195 3764 2311 3816 qua:
2346 3750 2454 3817 jam
2497 3764 2627 3802 mea:
2676 3748 2872 3803 lumine
2928 3751 3241 3818 cognitionis
3294 3749 3588 3815 fruebatur,
3640 3744 3747 3799 Noli

2199 3837 2481 3902 prohibere
2510 3847 2691 3905 gentes
2727 3840 2776 3890 in
2808 3851 3004 3892 sortem
3054 3839 3330 3893 eisetimiis
3361 3839 3548 3904 recipi.
3580 3837 3746 3888 Dicam

2195 3926 2440 3980 Cornelio
2469 3941 2521 3981 et
2559 3929 2735 3980 domui
2765 3929 2900 3996 ejus,
2955 3930 3136 3982 Fidem
3183 3941 3236 3983 et
3262 3931 3518 3998 baptisma
3560 3927 3744 3980 Christi

2196 4020 2472 4085 suscipite.
2525 4019 2705 4073 Dicam
2757 4019 2974 4080 Julia-is,
3023 4021 3196 4073 Nolite
3236 4036 3430 4091 cogere
3479 4019 3748 4073 credentes

2195 4126 2256 4165 cx
2289 4112 2531 4178 gentibus
2559 4111 2884 4176 circumcidi,
2934 4112 3125 4180 quibus
3159 4111 3300 4164 fonte
3335 4111 3579 4179 baptismi
3622 4124 3747 4163 con.

2193 4204 2430 4265 Socratis,
2469 4202 2595 4256 fides
2625 4214 2675 4256 et
2704 4202 2970 4256 cetzfessio
3003 4202 3236 4256 veritatis
3265 4202 3330 4254 ad
3377 4201 3605 4255 salutem
3645 4196 3749 4250 suf-

2195 4280 2320 4342 ficit.
2357 4291 2521 4345 Unius
2552 4303 2725 4344 autetn
2772 4293 2975 4344 numeri
3027 4307 3388 4345 mensurarum
3443 4299 3495 4344 et
3543 4289 3748 4342 factum

2205 4381 2408 4435 tabulas
2439 4393 2719 4451 utrumque
2767 4384 2899 4437 latus
2932 4383 3157 4449 habuit;
3197 4384 3317 4450 quia
3361 4382 3608 4434 nimirum
3649 4390 3745 4430 una

2193 4488 2233 4525 e.
2258 4473 2482 4540 denique
2513 4473 2662 4538 fides,
2695 4489 2838 4542 spes,
2862 4486 2910 4529 et
2940 4475 3034 4528 cba
3048 4474 3172 4526 ritas
3197 4473 3406 4538 utrique
3439 4463 3633 4534 populo
3656 4481 3744 4534 per

2199 4567 2468 4630 apostolos
2497 4565 2830 4631 pra-dicatur,
2855 4564 2918 4616 ad
2945 4579 3042 4615 una
3072 4573 3295 4627 uterque
3315 4560 3574 4625 promissa
3599 4557 3739 4626 regni

2198 4654 2428 4706 caelestis
2456 4664 2692 4715 vocatur,
2750 4653 2815 4705 de
2870 4661 3088 4720 utroque
3130 4650 3374 4717 generale
3422 4658 3740 4719 prmccptum

2198 4742 2483 4795 Salvaturis
2513 4743 2812 4804 accipiunt:
2849 4740 3033 4791 Euntes
3059 4740 3108 4790 in
3154 4743 3395 4790 mundum
3447 4724 3744 4796 uniuersalis,

2198 4831 2466 4898 prwdicote
2500 4830 2825 4897 Evangelium
2850 4831 2984 4881 omni
3029 4839 3273 4880 creatarw
3304 4826 3496 4897 (Marc.
3533 4828 3665 4890 “1).
3695 4825 3744 4880 id

2197 4931 2295 4983 est,
2328 4932 2382 4974 et
2410 4921 2796 4974 circumcisioni
2825 4933 2875 4972 et
2907 4922 3185 4989 prmputio.
3219 4920 3317 4972 Ubi
3341 4927 3392 4971 et
3423 4918 3624 4978 absque
3646 4916 3746 4968 ulla

2195 5013 2488 5067 differentia
2518 5013 2841 5067 subinfertur
2878 5030 2890 5062 :
2927 5013 3026 5077 Qui
3051 5012 3326 5064 crediderit
3372 5018 3421 5060 et
3471 5007 3747 5076 baptizatus

2193 5103 2364 5169 fuerit,
2399 5104 2564 5156 salvus
2586 5103 2700 5154 erit.

2233 5185 2238 5188 ί
2265 5196 2341 5248 Ad
2365 5196 2721 5247 occidentalem
2740 5210 2854 5246 vero
2878 5194 3151 5263 plagam...
3176 5207 3268 5245 ses.
3291 5191 3518 5256 tabulas,
3537 5205 3642 5248 etc.
3665 5192 3748 5246 Jo-

2193 5263 2388 5350 seplius
2421 5283 2612 5352 (Antiq.
2645 5298 2721 5347 Ill,
2759 5284 2808 5352 1)
2860 5285 3049 5336 scribit
3105 5283 3170 5334 de
3228 5281 3578 5336 tabernaculo
3616 5280 3746 5351 quod

2194 5374 2364 5426 decim
2410 5373 2612 5425 cubitos
2661 5373 2902 5426 habuerit
2956 5369 3278 5438 latitudinis;
3327 5373 3514 5426 scribit
3561 5377 3744 5434 etiam,

2195 5458 2332 5532 quod
2366 5463 2557 5517 tabula:
2588 5463 2703 5530 ejus
2733 5477 2978 5516 mensura
3011 5472 3236 5529 quatuor
3260 5463 3545 5532 digitorum
3566 5465 3748 5516 fuerint

2195 5567 2224 5603 a
2257 5560 2396 5604 terra
2450 5565 2740 5618 suspensce.
2791 5551 2865 5602 Ex
2919 5564 3021 5616 quo
3075 5550 3279 5605 videtur
3325 5552 3460 5605 velle
3508 5548 3740 5617 intelligi,

2196 5643 2333 5708 quod
2368 5651 2519 5696 tantre
2553 5640 2844 5695 altitudinis
2892 5638 3040 5694 facta:
3082 5638 3276 5694 fuerint
3330 5641 3568 5709 ipsarum
3607 5639 3735 5692 base:

2197 5733 2514 5791 tabularum.
2548 5732 2646 5796 Qui
2673 5745 2854 5787 tur-sus
2893 5728 2958 5787 tle
2989 5731 3105 5797 hoc,
3152 5730 3288 5798 quod
3337 5729 3746 5799 proposuimus.
