3898 6260
247 295 348 350 -ΗΙ

1122 297 1208 352 οΕ
1247 294 1744 352 TABEltNAtZULO
1785 290 1872 346 ET
1909 292 2100 353 VASIS
2139 296 2301 354 atus
2329 297 2465 352 LIB.
2512 299 2575 355 ΙΙ.

3341 301 3447 356 L’!

239 403 475 470 capitulo
503 401 650 458 actle
673 403 908 458 vectibus
932 401 1222 458 tabularum
1255 405 1324 458 ita
1348 406 1496 462 dicit.
1522 398 1787 459 Posterio-
1825 403 1870 459 Α
1898 409 2093 466 stante,
2115 391 2201 471 qui
2228 404 2300 458 ait
2333 423 2345 457 :
2381 402 2510 471 Quia
2552 405 2682 458 sicut
2727 406 2838 460 ccli
2884 408 2999 460 non"
3038 396 3086 462 et
3127 418 3261 462 terra
3297 425 3445 469 aaut.

242 495 323 547 ris
351 504 525 547 autem
559 494 770 561 parietis
799 509 985 549 novem
1012 494 1218 549 cubitus
1254 512 1346 550 sex
1397 497 1586 552 tabula:
1633 495 1794 552 faeie-

244 588 392 650 bant,
425 585 615 655 quibus
643 587 936 648 coniuncta
989 599 1109 640 sunt
1148 587 1267 641 alite
1309 586 1429 642 dna:
1471 588 1683 652 tabula,
1729 602 1793 643 ex

241 682 422 734 tur-dio
451 682 628 735 culiito
659 683 829 746 factae,
877 696 1008 750 quas
1057 682 1336 755 angulares
1393 692 1681 750 pusnerunt
1729 683 1794 737 ad

242 771 414 822 instar
464 770 757 824 tabularum
815 771 1096 838 majorum.
1150 770 1379 840 Singula:
1426 788 1552 824 vero
1605 772 1795 825 tabnlze

239 861 470 915 annulus
509 861 777 915 habebant
830 853 1062 929 aureos;
1121 879 1214 932 per
1250 865 1539 920 exteriores
1597 866 1795 920 frontes

239 952 558 1012 eminentes.
586 953 731 1004 velut
759 953 1072 1020 quibusdam
1100 955 1365 1010 radicibus
1412 956 1650 1010 conﬁsos
1701 972 1796 1026 per

240 1042 508 1103 ordinem.
536 1043 599 1094 ad
632 1043 854 1094 invicem
884 1059 977 1111 per
1018 1047 1294 1098 circuitum
1345 1047 1711 1113 respicientes,
1741 1055 1796 1100 et

193 1147 196 1149 λ
243 1146 344 1201 per
370 1146 463 1185 eos
493 1131 732 1185 deanrati
751 1146 926 1188 vectes
955 1134 1200 1197 immissi,
1227 1151 1541 1204 unoquoque
1567 1137 1793 1192 habente

241 1223 659 1291 magnitudinem
685 1223 982 1279 cubitorum
1007 1225 1258 1292 quinque,
1289 1236 1546 1293 erantque
1573 1228 1637 1281 ad
1667 1243 1794 1282 con-

235 1315 540 1384 juuctioncs
568 1317 882 1380 tabularum,
897 1317 1228 1385 intrabatque
1250 1326 1408 1386 caput
1422 1319 1589 1374 vectis
1611 1321 1796 1373 unius-

240 1405 501 1476 cujusque
530 1407 580 1459 itt
612 1408 716 1461 alio
747 1410 914 1464 vectis
940 1408 1132 1475 capite,
1165 1406 1309 1461 velut
1338 1407 1388 1461 in
1420 1408 1632 1461 modum
1658 1424 1791 1464 con-

236 1498 354 1551 cha:
380 1516 393 1551 :
422 1507 474 1552 et
503 1509 620 1566 post
650 1508 853 1567 tergum
881 1501 1138 1566 parietum
1190 1499 1243 1552 in
1285 1497 1615 1569 longitudine
1641 1500 1791 1568 posi-

235 1603 573 1647 torumunus
601 1603 714 1646 erat
738 1592 890 1656 ordo,
942 1607 1034 1659 per
1080 1592 1283 1646 tabulas
1328 1607 1514 1648 omnes
1565 1592 1788 1657 vadi-ns,

235 1697 346 1752 quo
375 1697 464 1748 per
493 1682 714 1734 uncinos
753 1682 1021 1749 utriusque
1051 1681 1266 1749 parietis
1302 1681 1487 1735 latera
1542 1682 1789 1737 contine-

233 1773 447 1834 bantur,
504 1770 554 1823 in
584 1771 988 1826 castrationibus
1018 1770 1166 1824 factis
1193 1782 1242 1825 et
1276 1770 1531 1825 immissis
1557 1772 1622 1825 ad
1655 1773 1788 1826 invi-

230 1877 373 1916 cem.
401 1862 550 1928 Quod
583 1877 858 1930 prop’erea
891 1863 970 1917 sic
997 1863 1316 1930 exquisitum
1343 1871 1445 1922 est.
1478 1873 1534 1917 ut
1559 1880 1728 1932 neque
1757 1879 1784 1916 a

231 1953 406 2006 ventis
432 1961 750 2018 moveretur,
808 1968 978 2019 neque
1027 1954 1129 2007 alia
1177 1967 1335 2008 causa
1387 1955 1785 2031 tabernaculum

237 2043 665 2105 conturbaretur,
696 2044 786 2097 sed
827 2044 1094 2098 immobile
1118 2060 1303 2100 secura
1330 2047 1508 2112 quiete
1537 2061 1785 2100 servare-

231 2141 342 2187 tttr.
365 2131 489 2195 llaec
515 2132 581 2185 de
603 2131 792 2187 littera?
821 2141 967 2186 testu
995 2131 1276 2198 Joaeplms.
1310 2132 1505 2186 Verum
1530 2134 1678 2200 juxta
1704 2135 1785 2186 al-

231 2222 446 2292 legor'ae
474 2236 710 2291 sensum,
741 2221 1086 2276 occidentalis
1114 2221 1287 2290 plaga,
1340 2235 1458 2290 qua
1506 2233 1786 2290 utrumque

231 2312 288 2365 iu
316 2327 375 2367 ae
400 2314 651 2383 patietetn
677 2313 963 2380 recipiens,
986 2311 1268 2366 tedilicium
1303 2311 1624 2366 tabernaculi
1655 2326 1786 2365 con-

230 2411 500 2467 summat;
536 2414 680 2458 recte
705 2403 1139 2469 adimpletioncm
1170 2401 1332 2456 totius
1359 2411 1555 2455 sanctze
1577 2403 1787 2455 univcr-

230 2493 360 2546 salis
392 2493 664 2556 Ecclesiae,
689 2507 803 2559 qua?
824 2506 942 2545 cum
971 2493 1073 2545 line
1102 2491 1260 2560 hujus
1285 2491 1463 2545 mundi
1496 2491 1781 2559 perficitur,

235 2585 501 2651 designat,
525 2583 589 2636 ad
605 2598 759 2650 quam
775 2598 940 2652 usque
960 2583 1089 2636 lidi-s
1109 2592 1160 2637 et
1179 2585 1415 2652 operatio
1433 2595 1573 2638 recta
1593 2587 1784 2637 utrius-

226 2687 331 2742 que
385 2672 559 2738 populi
619 2682 1043 2738 perseveratum,
1087 2674 1237 2740 quasi
1290 2673 1487 2747 gemini
1517 2673 1784 2741 longitudo

231 2761 451 2828 parietis
482 2761 753 2827 pertingit.
786 2761 967 2827 Neque
989 2761 1130 2814 enim
1155 2763 1406 2817 credibile
1427 2773 1527 2826 est,
1554 2763 1637 2816 vel
1659 2771 1784 2816 ante

232 2862 441 2917 tempus
489 2853 771 2905 dominica:
819 2851 1195 2906 incarnationis
1246 2867 1477 2922 unquam
1526 2851 1780 2921 defuisse,

227 2945 318 3010 qui
349 2959 412 2998 ex
442 2944 686 3013 gentibus
728 2943 1030 3008 crederent,
1060 2945 1142 2998 vel
1197 2959 1336 2999 nunc
1381 2947 1622 3014 quamvis
1658 2961 1780 3014 gra-

229 3033 372 3089 viter
398 3036 649 3088 damnato
674 3036 742 3087 ob
770 3033 1044 3100 perﬁdiam
1079 3035 1271 3104 populo
1318 3035 1644 3102 Jndzeorntn',
1677 3053 1778 3092 non

228 3139 350 3179 csse
370 3126 572 3190 aliquos
595 3142 659 3180 cx
691 3126 815 3187 illis,
849 3127 1054 3180 tametsi
1110 3129 1476 3194 paucissimos,
1505 3129 1592 3197 qui
1641 3132 1781 3185 inter

228 3212 559 3266 Christianos
603 3217 931 3277 exsulantcs,
975 3217 1207 3284 quotidie
1243 3218 1506 3272 credendo
1539 3219 1602 3272 ad
1635 3221 1781 3275 salu-

225 3311 335 3359 tem
356 3307 682 3372 perveniant.
712 3306 858 3374 Quod
890 3307 932 3360 si
983 3310 1098 3374 quis
1129 3323 1318 3377 negare
1362 3312 1774 3376 prmsttmpserit,

221 3395 459 3448 tlitatnns
490 3397 626 3464 quod
670 3398 846 3465 negari
874 3397 1168 3451 nullatenus
1215 3407 1404 3462 potest,
1434 3401 1570 3469 quod
1599 3400 1781 3454 videli-

223 3493 312 3538 cet
338 3485 641 3552 spirituales
687 3489 958 3556 utriusque
995 3489 1318 3543 'l‘estameuti
1350 3491 1594 3544 ductores
1624 3499 1676 3542 at
1698 3507 1778 3554 :lle

220 3572 560 3637 interpretes,
590 3576 680 3644 qui
717 3575 871 3643 juxta
922 3591 1217 3630 scrmonctn
1270 3578 1471 3629 ltetnini
1513 3578 1777 3646 proferant

218 3663 291 3716 de
314 3661 556 3735 thesauro
584 3677 681 3715 suo
725 3677 854 3715 nova
886 3675 938 3717 ct
966 3673 1359 3732 vetera,vusqne
1399 3666 1462 3718 ad
1496 3669 1648 3718 tinctu
1677 3681 1776 3719 srr-

218 3754 326 3807 cnli
363 3752 469 3806 sint
495 3752 546 3806 itt
576 3761 756 3807 sancta
790 3754 1022 3808 Ecclesia
1057 3758 1400 3822 permansuri.
1435 3754 1499 3810 Et
1543 3767 1663 3825 apte
1694 3768 1774 3812 ta-

219 3844 561 3898 bernaculum
605 3845 655 3899 in
705 3844 1018 3898 occidentali
1061 3845 1207 3915 plaga
1255 3859 1668 3914 em.snmmatur,
1722 3850 1770 3902 itt

215 3951 320 4003 qua
350 3935 487 3988 diem
518 3936 596 3988 sol
622 3937 883 4002 claudere,
911 3947 964 3992 et
1003 3950 1188 3994 cuncta
1232 3940 1404 3994 solent
1441 3950 1578 3994 astra
1629 3941 1774 3996 occi-

214 4028 389 4092 dere;
455 4039 667 4096 propter
718 4029 924 4084 scilicet
977 4031 1060 4085 vel
1113 4034 1310 4087 obituttt
1363 4034 1771 4105 ttniuscujucq'te

215 4118 393 4178 electi,
425 4117 502 4170 νισι
538 4118 837 4184 generalem
881 4121 1037 4175 totius
1062 4123 1239 4176 smculi
1282 4125 1578 4178 terminum.
1610 4127 1769 4193 Quasi

214 4208 358 4262 enim
388 4209 581 4281 occidit
622 4207 668 4260 ei
699 4209 797 4270 sol,
826 4209 912 4276 qui
949 4210 1015 4262 ab
1067 4211 1163 4264 hac
1211 4216 1479 4278 temporali
1531 4219 1644 4269 luce
1680 4231 1770 4281 pcr

218 4295 465 4349 tenebras
495 4265 806 4349 transitoria:
840 4298 1051 4362 mortis,
1080 4299 1145 4350 ad
1175 4302 1360 4364 gaudia
1396 4304 1524 4355 lucis
1552 4313 1606 4356 et
1650 4304 1767 4355 vita:

1893 508 2006 562 qtae
2031 508 2124 560 ego
2149 505 2284 549 atare
2319 498 2452 563 facio
2481 513 2646 551 eorum
2675 513 2773 562 nte,
2800 497 2920 552 dicit
2947 498 3211 562 Damius,
3235 501 3309 553 sic
3340 512 3440 553 atu-

1895 586 1962 637 bit
1981 601 2144 640 aetum
2197 599 2411 643 vestram
2437 600 2485 644 et
2512 605 2688 644 nomen
2725 599 2961 646 vestrum.
3002 593 3066 646 Et
3095 593 3251 660 paulo
3278 602 3394 660 post
3425 609 3437 644 :

1899 671 1961 727 Et
1985 677 2316 746 egrediantur,
2345 688 2392 732 et
2425 681 2660 733 ridebunt
2682 681 2924 736 cadavera
2947 683 3170 737 virorum
3192 684 3282 752 qui
3312 698 3439 750 prte-

1893 765 2104 816 oariroti
2123 774 2246 831 aaut
2284 767 2336 820 itt
2376 784 2472 822 me.
2529 768 2721 824 Veturia
2761 773 2930 823 eorum
2969 786 3070 824 ιιοιι
3107 771 3362 836 morietur,
3395 785 3440 825 et

1893 855 2026 924 ignis
2054 872 2225 909 eorum
2253 874 2352 912 nou
2377 861 2722 930 exatiitgttetttr
2744 859 2896 932 (Eae.
2927 864 3090 931 vat).
3113 862 3270 918 Maris
3293 879 3442 916 nam-

1893 960 1996 1014 que
2016 947 2202 1000 llnctus
2233 949 2496 1015 profundi,
2524 953 2688 1005 amari
2727 961 2782 1006 et
2811 952 3118 1018 turbulenti,
3146 964 3200 1007 et
3227 961 3438 1017 peccata

1898 1047 2113 1098 possunt
2143 1036 2458 1105 signiﬁcare,
2488 1038 2680 1106 quibus
2711 1041 2914 1106 reprobi
2956 1040 3010 1094 in
3049 1042 3145 1096 hac
3175 1041 3277 1095 vita
3305 1042 3443 1097 male

1897 1124 2141 1179 delectati
2172 1128 2459 1190 intereunt,
2490 1138 2544 1182 et
2567 1132 2749 1182 lutum.
2774 1145 2982 1200 quoque
3005 1131 3304 1185 barathrum
3326 1147 3442 1201 per-

1893 1214 2132 1276 ditionis.
2158 1235 2277 1273 cum
2319 1220 2370 1273 iu
2401 1202 2588 1274 ullimo
2615 1222 2854 1276 examine
2883 1223 2936 1276 in
2982 1223 3152 1291 ignem
3180 1239 3298 1276 cum
3331 1223 3444 1277 dia-

1894 1304 2016 1358 bolo
2056 1311 2329 1362 mittentur
2368 1319 2643 1363 alernttm.
2683 1309 2790 1364 Nec
2843 1311 3259 1378 prmlereunduut
3298 1311 3437 1379 quod

1896 1398 2286 1451 tabernaculum
2313 1414 2432 1453 cum
2460 1399 2805 1455 adiﬁcaretur
2829 1402 2882 1455 in
2910 1409 3088 1456 monte
3111 1400 3275 1464 Siuai.
3297 1417 3443 1458 mare

1896 1488 2129 1542 llttbrttnt
2179 1491 2359 1546 habuit
2401 1492 2466 1546 ad
2495 1508 2770 1560 occasum;
2796 1510 2916 1550 eum
2957 1495 3308 1550 introductum
3351 1511 3444 1563 per

1893 1580 2071 1636 Jesuut
2103 1578 2155 1634 in
2187 1591 2382 1636 terram
2412 1584 2858 1652 repromissionis,
2886 1595 2939 1640 et
2963 1585 3276 1640 collocatum
3303 1593 3444 1640 esset

1894 1671 1945 1724 itt
1972 1672 2100 1736 Silo,
2129 1673 2309 1728 eadem
2342 1674 2489 1743 plaga
2518 1674 2638 1730 cmii
2679 1676 2860 1731 habuit
2887 1692 3030 1732 mare
3057 1691 3324 1744 magnum.
3367 1677 3440 1732 De
3528 1682 3538 1692 '

1819 1738 1865 1796 Β
1893 1777 1997 1832 quo
2027 1763 2092 1817 ita
2122 1738 2641 1836 ntysticetpoewmus
2667 1767 3041 1837 seutire.quod
3063 1738 3226 1824 sau'eti
3258 1770 3310 1822 in
3341 1769 3439 1823 hae

1894 1855 1996 1906 vita
2027 1854 2251 1909 Domino
2277 1858 2589 1923 servientes,
2629 1863 2784 1930 eique
2814 1861 2863 1914 in
2888 1860 3047 1914 corde
3074 1875 3170 1912 suo
3196 1861 3442 1914 taberna-

1891 1944 2062 1995 culum
2114 1943 2407 2010 facientes,
2451 1950 2730 2017 superbam
2778 1950 3054 2018 impiorum
3098 1949 3437 2016 Iactantiam,

1889 2032 2034 2099 quasi
2079 2034 2232 2086 citius
2273 2051 2599 2100 ocrasuram,
2647 2039 2746 2092 lixa
2791 2049 2966 2095 mente
3007 2040 3296 2108 despiciant
3336 2058 3349 2093 :
3385 2042 3437 2095 itt

1892 2125 2061 2177 futura
2111 2125 2268 2180 etiam
2320 2128 2485 2194 patria
2513 2144 2632 2183 cum
2667 2129 2888 2184 Domino
2917 2131 3092 2196 positi,
3135 2140 3438 2201 perpetuam

1889 2229 2071 2268 eorum
2102 2232 2311 2282 ptenant
2355 2219 2553 2287 absque
2599 2219 2702 2275 ulla
2731 2235 2841 2274 sua:
2880 2222 3142 2277 felicitatis
3173 2222 3437 2276 intermis-

1885 2304 2037 2360 δίοιτο
2073 2308 2387 2373 respiciant;
2431 2318 2490 2362 ιιι
2524 2325 2590 2363 eo
2628 2311 2856 2380 majores
2885 2311 2933 2366 ei
2963 2312 3157 2380 gratias
3183 2310 3436 2378 referant,

1887 2410 1991 2464 quo
2017 2413 2120 2451 non
2157 2399 2324 2452 solum
2355 2397 2599 2454 fruantur
2629 2385 2801 2465 bonis,
2842 2418 2958 2468 quae
2983 2402 3215 2462 donavit,
3253 2416 3432 2454 verum

1888 2486 2044 2540 etiam
2077 2488 2371 2542 intueantur
2399 2490 2533 2544 mala
2579 2505 2608 2544 a
2649 2492 2838 2559 quibus
2866 2505 2960 2545 eos
3004 2490 3262 2546 liberavit.
3297 2491 3436 2545 Bene

1888 2585 2062 2630 autem
2106 2582 2251 2647 plaga
2281 2581 2605 2634 tabernaculi
2633 2581 2992 2644 occidentalis,
3024 2582 3105 2634 vel
3149 2597 3263 2648 qu-u
3291 2594 3435 2635 mare

1886 2666 2147 2734 respicere
2179 2669 2316 2722 dieta
2357 2680 2458 2734 est,
2499 2686 2594 2725 sex
2639 2671 2827 2727 tabu'is
2865 2672 3133 2726 constabat
3164 2689 3177 2736 ;
3210 2677 3286 2729 ve!
3311 2673 3434 2741 quia

1884 2757 2094 2808 senario
2121 2772 2340 2811 numero
2377 2761 2512 2815 solet
2559 2761 2812 2830 perfectio
2835 2762 2955 2816 boni
2983 2765 3159 2830 operis
3185 2764 3433 2832 exprimi,

1885 2859 1950 2897 eo
1972 2846 2109 2914 quod
2151 2847 2402 2905 Dominus
2423 2852 2473 2906 in
2504 2852 2596 2907 illo
2623 2853 2800 2908 mundi
2826 2862 3064 2930 ornatum
3099 2869 3433 2908 consumma-

1885 2937 2041 3000 verit,
2069 2937 2118 2990 in
2150 2939 2239 2992 illo
2261 2939 2530 2995 hominem
2561 2943 2612 2995 in
2636 2943 2923 3009 primordio
2949 2945 3224 3006 creaverit,
3259 2945 3310 2997 itt
3343 2943 3434 2998 illo

1883 3038 2046 3091 genus
2075 3027 2356 3082 ltutttattttttt
2379 3045 2472 3084 sua
2500 3032 2744 3099 passione
2766 3036 3170 3098 restanraverit;
3198 3035 3279 3091 vel
3308 3036 3432 3104 quia

1883 3129 1973 3168 sex
2005 3126 2188 3172 anates
2218 3129 2338 3173 sunt
2377 3122 2554 3188 saeculi
2586 3121 2760 3191 hujus,
2790 3123 2840 3177 in
2869 3123 3059 3192 quibus
3082 3133 3292 3194 oportet
3331 3140 3429 3179 nos

1883 3204 2034 3260 hortis
2052 3210 2306 3277 operibus
2329 3212 2527 3277 perlici,
2555 3222 2610 3266 ut
2631 3214 2696 3266 ad
2724 3223 2973 3269 :eternam
2999 3215 3313 3286 requientiu
3344 3217 3424 3269 fu-
3469 3235 3474 3244 ι

1883 3306 2020 3359 toro,
2052 3309 2104 3351 et
2147 3303 2547 3353 resurrectionis
2583 3301 2802 3369 gloriam
2848 3306 3122 3370 pervenire
3150 3307 3426 3370 possimus.

1877 3384 2005 3437 Nam
2050 3387 2187 3451 quod
2237 3403 2443 3440 rursum
2491 3389 2606 3442 alia:
2647 3391 2764 3444 dum
2808 3392 3018 3454 tabulae.
3063 3395 3296 3461 exceptis
3330 3409 3426 3448 scx

1878 3475 2074 3539 primis,
2106 3475 2158 3526 itt
2195 3477 2396 3544 angulis
2418 3477 2670 3546 jubentttr
2693 3481 2825 3548 erigi
2855 3492 2974 3546 post
3002 3491 3206 3553 tergum
3255 3484 3427 3538 taber-

1875 3565 2064 3624 uaculi,
2111 3578 2230 3630 qua:
2280 3565 2554 3622 venientes
2596 3569 2671 3624 ab-
2701 3571 2939 3624 orientali
2983 3573 3128 3640 plaga
3173 3574 3422 3641 parieteut

1874 3653 2161 3720 excipiant,
2193 3663 2246 3708 ct
2285 3657 2628 3714 occidentalis
2656 3662 2820 3729 plaga:
2851 3663 3030 3728 parieti
3060 3663 3416 3730 Ctlttj'lltgaltl;

1875 3745 1938 3795 ad
1989 3750 2462 3804 remunerationem
2509 3750 2694 3803 lutum
2733 3752 2955 3818 pertinet
2985 3753 3122 3814 vitae,
3163 3769 3274 3820 qua
3300 3767 3421 3824 post

1879 3838 2083 3892 labores
2134 3851 2184 3892 et
2235 3849 2468 3907 tempora
2505 3845 2682 3898 smcttli
2721 3849 2882 3918 hujus
2927 3866 3111 3908 secura
3137 3866 3240 3912 est.
3268 3857 3418 3924 Quod

1875 3927 2107 3988 bifatiatn
2135 3930 2404 4001 dividitur,
2437 3933 2488 3992 in
2519 3935 2894 3996 sabbatismum
2934 3943 3153 4007 scilicet,
3201 3947 3301 4000 hoc
3338 3955 3423 4002 est

1872 4025 2105 4091 requiem
2155 4026 2447 4081 animarum
2491 4042 2811 4096 sanctarum,
2866 4045 2981 4099 post
3030 4036 3417 4092 absole'ionem

1869 4133 2170 4185 Corporum,
2200 4130 2249 4172 et
2297 4121 2346 4172 itt
2377 4123 2595 4189 gloriam
2625 4127 3021 4180 resurrectionis
3051 4129 3421 4196 incorruptibi-

1871 4208 1991 4258 lium
2023 4212 2377 4274 reccptionem
2423 4227 2723 4281 corporum.
2773 4217 2903 4284 Qua:
2949 4228 3168 4289 utraque
3213 4223 3420 4278 sortitio

1871 4302 2310 4357 remunerationis
2359 4307 2565 4373 utrique
2598 4313 2786 4372 populo
2814 4313 3125 4377 communis,
3151 4316 3292 4367 nullo
3321 4332 3418 4368 un-

217 4387 552 4455 transmigrat
584 4399 816 4440 a-terttre.
843 4389 1001 4453 Quasi
1027 4389 1380 4441 occiditomni
1415 4391 1660 4444 Eccl.-si.t-
1684 4393 1761 4446 sol
1795 4407 2024 4493 unam
2074 4395 2176 4449 line
2221 4397 2548 4452 terminatur.
2599 4399 2727 4451 Nam
2771 4409 2824 4453 et
2869 4403 3160 4457 animarum
3209 4405 3415 4470 requies

215 4474 272 4526 in
301 4474 593 4539 occidente,
626 4489 682 4530 ut
709 4480 877 4531 verius
915 4480 965 4533 itt
995 4480 1197 4532 oriente
1226 4482 1454 4534 tenebris
1491 4493 1766 4537 transeun-

217 4560 357 4613 tibus
383 4560 601 4625 oriatur,
633 4580 750 4617 cum
786 4567 925 4619 finita
957 4570 1007 4620 itt
1039 4569 1263 4621 adventu
1299 4569 1499 4622 Domini
1534 4572 1633 4625 vita
1665 4590 1763 4628 ειυ-

210 4648 317 4701 euli
350 4651 646 4715 praesentis,
684 4670 800 4704 mox
861 4671 1039 4707 verum
1082 4658 1259 4711 δωριηί
1293 4657 1446 4711 futuri
1481 4678 1652 4728 tuane,
1679 4663 1766 4731 ju-

214 4740 313 4792 stis
331 4755 449 4793 vera
473 4740 585 4793 dies
606 4745 914 4794 zeli-ruitatis
934 4748 1225 4811 apparebit.
1244 4747 1304 4800 Et
1325 4751 1446 4816 quia
1471 4763 1589 4803 tunc
1609 4754 1764 4819 jttslis

209 4843 330 4880 cont
365 4829 584 4884 Domino
613 4832 975 4896 regnantibus,
1019 4836 1230 4900 reprobi
1281 4839 1330 4890 itt
1375 4852 1628 4892 ωιιιιιιιιιιι
1677 4858 1763 4907 ιτο-

210 4926 400 4979 reunt;
433 4930 575 4972 recte
604 4919 670 4970 de
706 4923 800 4971 liae
829 4920 973 4987 plaga
1000 4921 1320 4977 tabernaculi
1347 4927 1398 4979 in
1423 4932 1763 4995 sequentibus

209 5001 425 5062 dicitur.
450 5005 588 5070 quod
621 5023 763 5061 mare
790 5010 1094 5075 rcSpiccrct.
1122 5010 1387 5078 Signiﬁcat
1416 5027 1589 5067 autem
1617 5035 1761 5076 mare

210 5089 468 5152 Rubrum,
497 5091 548 5144 itt
577 5109 681 5159 quo
709 5096 978 5151 demersus
1007 5114 1125 5151 eum
1155 5116 1250 5153 suo
1271 5105 1505 5156 exercitu
1537 5106 1758 5174 ρδθυο,

203 5190 263 5234 et
291 5178 356 5231 de
388 5192 491 5244 quo
520 5182 752 5238 salvatus
781 5188 935 5242 Israel
977 5204 1004 5241 a
1054 5189 1290 5253 Domino,
1327 5195 1392 5247 ad
1424 5207 1649 5250 tnvntctn
1682 5202 1762 5254 SE-

202 5269 313 5328 ttai,
339 5268 422 5319 ubi
450 5271 838 5329 tabernaculum
871 5279 1084 5343 faceret,
1109 5283 1356 5334 ascendit.
1384 5285 1610 5350 ltcSpicit
1634 5305 1760 5360 ergo

202 5373 354 5414 mare
407 5357 552 5426 plaga
609 5365 950 5424 occidentalis
997 5374 1349 5440 tabernaculi,
1409 5393 1524 5429 cum
1575 5392 1755 5436 sancta

203 5447 438 5501 Ecclesia
489 5460 602 5513 post
657 5469 872 5519 operum
928 5464 1297 5525 perfectionem
1349 5479 1597 5522 coronata
1628 5512 1643 5536 ,
1704 5475 1754 5528 in

209 5535 422 5616 Christo
452 5537 616 5591 libero
644 5555 856 5608 aspectu
885 5548 1170 5607 intuebitur
1196 5554 1316 5606 vitia
1340 5557 1418 5609 vel
1453 5535 1635 5623 ptnnas
1659 5563 1753 5616 itu-

201 5627 431 5697 piorum,
460 5643 591 5700 quas
633 5632 746 5701 ipso
791 5636 1071 5706 adiuvante
1116 5647 1386 5716 cavelecit,
1421 5649 1574 5708 Esaia
1620 5665 1751 5713 atte-

1871 4486 2270 4548 snpcrvcniente
2291 4495 2528 4554 tempore
2551 4493 2968 4552 resurrectionis,
3001 4494 3193 4545 nullam
3223 4495 3300 4546 sui
3325 4497 3408 4548 di-

1869 4572 2232 4639 minutionem,
2265 4579 2356 4629 sed
2390 4589 2724 4640 augmentum
2763 4581 2934 4644 potius
2961 4567 3170 4648 accipit,
3209 4593 3261 4635 et
3300 4584 3409 4650 ipsa

1869 4665 2275 4719 imnmttalitatis
2303 4667 2620 4730 cnujnnctio,
2663 4671 2834 4722 carnis
2861 4671 3179 4740 Spiritusqne
3217 4685 3411 4727 nostra:

1868 4747 2090 4805 iti'cmlis
2140 4769 2346 4820 semper
2385 4754 2697 4810 inviolabilis
2728 4771 3021 4826 permanet.
3054 4763 3192 4816 liene
3231 4775 3406 4818 autem

1864 4843 2151 4903 decistlvtn
2183 4847 2370 4896 tabulis
2398 4848 2759 4905 snliittfertur:

1934 4931 2191 5002 Erantque
2217 4937 2496 5004 conjuncta:
2521 4956 2551 4990 a
2581 4940 2814 4994 deorsum
2852 4959 3006 5010 usque
3042 4959 3257 5007 sursum,
3288 4954 3391 5000 etc.

1863 5021 1990 5086 Quia
2027 5026 2273 5075 nimirum
2303 5027 2473 5079 omnis
2497 5030 2779 5083 electorum
2813 5032 2937 5096 vim,
2978 5047 3080 5084 una
3113 5031 3399 5105 eademque

1863 5114 1965 5166 lide
1993 5124 2046 5166 et
2076 5114 2327 5168 cltaritate
2367 5117 2430 5168 ad
2458 5120 2694 5172 cmlestia
2741 5121 2905 5174 tendit
2932 5138 2944 5183 ;
2971 5122 3028 5173 in
3063 5136 3219 5174 unum
3247 5137 3400 5176 eunt-

1859 5203 2284 5276 dellltltle‘lilwlll
2340 5207 2532 5261 divina:
2591 5210 2806 5262 visiOnis
2862 5211 3137 5276 pervenit,
3187 5212 3238 5264 itt
3297 5226 3397 5266 una

1860 5272 2146 5360 eatletnqti'e
2201 5310 2328 5350 voce
2380 5299 2506 5351 recti
2566 5298 2828 5365 dogmatis
2879 5301 3051 5356 omnis
3099 5313 3398 5355 sanctorum

1859 5382 2255 5452 prmdicatorunt
2283 5403 2458 5440 sermo
2480 5385 2781 5440 concordat.
2819 5391 3126 5445 Deliisceret
3169 5407 3396 5461 namque

1856 5473 1920 5524 ab
1955 5472 2174 5528 ittviCetn
2208 5492 2458 5544 compago
2491 5477 2810 5543 tabularum,
2841 5483 2883 5534 si
2930 5483 3066 5548 quod
3118 5498 3249 5534 unus
3281 5499 3423 5557 ιιι-οε

1856 5566 2007 5632 plt‘cta
2063 5581 2150 5621 aut
2201 5570 2470 5637 apostolus
2519 5570 2760 5636 dixisset,
2825 5573 2922 5624 hoc
2973 5571 3106 5624 alius
3161 5583 3395 5642 negaret.

1859 5657 2044 5712 Vetuzn
2074 5663 2211 5732 qule
2235 5677 2454 5717 ενιιςοιε
2495 5663 2744 5720 fabricatu
2778 5664 3022 5719 Ecclesia:
3051 5681 3222 5722 seruio
3256 5666 3390 5720 divi-
