3898 6260
530 340 636 396 Ηῦ

1014 332 1213 388 ΒΕΒᾸΞ
1253 328 1701 385 VENERABILIS
1740 329 2022 384 OPERUM
2066 327 2242 385 PARS
2281 330 2340 386 11.
2385 359 2452 370 --
2494 332 2879 390 EXEGETICA
2921 336 3242 391 GENL‘INA.
3669 340 3758 395 an

533 469 719 508 imrnru
750 456 1079 516 eloqutorum
1108 446 1281 513 erigit,
1307 443 1541 508 proferto
1568 458 1670 494 una
1689 457 1874 494 ouines
1901 441 2078 494 tabero
2109 444 2153 496 Α
2183 440 2350 494 solum
2379 444 2761 498 correctionem
2785 462 3026 513 operum,
3070 449 3163 502 sed
3206 458 3260 502 et
3291 461 3628 516 perpetuam
3680 468 3762 498 sn-

529 548 700 600 Itamttt
721 542 920 598 taiiulas
935 540 1181 610 iunctura
1214 543 1567 609 compaginat,
1584 549 1741 608 atque
1762 540 1827 591 ab
1849 539 2074 592 invicem

530 637 733 704 sejungi
764 649 864 686 non
891 631 1037 688 sinit.

605 719 812 776 (habits
848 738 1043 790 quoque
1083 720 1334 773 tabulis...
1377 721 1552 774 similis
1579 720 1819 788 junctum
1857 718 2076 772 servabi-

524 823 624 880 tur,
655 825 758 866 etc.
791 813 1081 878 Augulares
1111 811 1302 863 tabula:
1333 821 1451 862 sunt
1485 812 1674 864 tabulis
1709 809 1960 877 parietum
1987 825 2077 874 per

525 903 696 955 omnia
725 901 1042 968 eniijuitctse,
1093 899 1230 967 Quod
1277 903 1463 952 iutttrze
1495 902 1690 970 requiei
1725 910 1776 951 et
1804 901 2076 952 immortao

527 992 690 1045 lita-is
745 991 912 1057 gloria
970 991 1211 1055 praesenti
1270 1000 1462 1043 nosme
1537 991 1924 1042 conversationi
1989 1004 2079 1056 per

530 1080 711 1142 tidem,
743 1094 911 1145 spem,
940 1089 992 1130 et
1019 1079 1332 1131 charitatem
1363 1079 1663 1132 ﬁrmissime
1690 1094 1926 1132 connexa
1956 1089 2035 1131 est
2061 1094 2074 1129 :

535 1172 640 1223 imo
672 1170 789 1223 ideo
815 1169 1020 1223 stabilis
1046 1179 1099 1224 et
1122 1172 1432 1224 inconcussa
1465 1185 1698 1239 prmsens
1746 1180 1926 1223 nostra
1952 1184 2079 1221 con-

533 1263 766 1315 versatio
810 1264 1078 1329 perdurat,
1124 1264 1241 1332 quia
1294 1254 1664 1317 tutttrze'dona
1715 1261 2077 1316 retributionis

525 1352 719 1416 credit,
751 1362 950 1418 sperat,
997 1349 1197 1419 diligit;
1246 1355 1365 1421 quia
1395 1354 1583 1408 crebro
1611 1368 1960 1422 supernorum
2002 1357 2079 1406 ci-

529 1444 668 1496 vium
698 1441 979 1508 adjutorio,
1014 1458 1078 1495 ne
1108 1443 1317 1497 [latibus
1343 1445 1658 1499 turbulentis
1686 1446 2076 1499 immundormn

528 1533 807 1598 spirituum
830 1533 1077 1588 decidere
1111 1536 1294 1602 possit,
1338 1536 1661 1590 continetur.
1694 1536 1755 1590 Et
1797 1536 1876 1589 Ine
1903 1545 2076 1590 autem

531 1624 738 1689 tubulm,
771 1641 886 1692 quze
913 1626 993 1680 vel
1028 1626 1400 1692 perfectionem
1433 1628 1584 1681 bona:
1614 1637 1808 1682 nostra:
1837 1630 2076 1693 actionis,

529 1713 609 1766 vel
635 1713 803 1767 futura
837 1730 928 1782 pro
953 1715 1101 1769 bonis
1130 1717 1340 1785 prtcmia
1366 1717 1644 1786 designant
1679 1719 1904 1782 actibus,
1937 1717 2075 1771 binis

2182 543 2355 598 perna,-
2386 533 2745 588 retributionis
2777 535 2943 590 lucem
2977 538 3172 606 legunt.

2249 619 2313 672 Et
2337 622 2512 688 {undas
2541 627 2610 677 eis
2631 627 2844 680 «artutos
2869 644 3070 693 aureos,
3112 638 3214 683 etc.
3270 627 3469 682 Vectes
3526 644 3627 696 per
3675 645 3762 679 an-

2180 713 2332 764 nulos
2366 729 2553 767 aureos
2600 716 2825 769 tabulata
2872 719 3164 781 continent,
3211 734 3332 772 cum
3393 719 3571 770 verba
3619 722 3755 769 sacri

2177 802 2366 869 eloquii
2415 820 2506 870 per
2565 806 2958 871 promissionem
3016 812 3158 876 regni
3206 810 3450 864 cmlestis
3485 851 3502 874 ,
3559 823 3756 861 statum

2177 904 2373 948 sanctae
2404 895 2652 949 Ecclesia:
2683 898 3028 961 confirmant;
3055 909 3110 952 nt
3140 915 3204 954 eo
3248 900 3428 952 minus
3465 900 3757 965 perturba-

2183 993 2349 1046 tiones
2380 995 2558 1046 mnndi
2611 994 2810 1057 timeat,
2843 1009 2945 1061 quo
2974 996 3168 1048 certius
3217 993 3578 1047 stabilitatem
3635 1009 3754 1056 per-

2180 1094 2346 1151 petua:
2370 1086 2810 1139 remunerationis
2833 1085 3034 1139 didicit.
3065 1085 3202 1140 liene
3228 1093 3410 1138 autem
3437 1084 3510 1138 de
3545 1084 3752 1138 eisdem

2179 1175 2410 1226 vectibus
2437 1174 2675 1228 subditur
2702 1192 2713 1227 :

2251 1265 2386 1327 Quos
2409 1266 2598 1327 operics
2619 1265 2817 1317 taurinis
2846 1265 3032 1317 aureis.
3061 1263 3293 1318 Lamiuis
3316 1266 3531 1333 quippe
3564 1265 3750 1318 aureis

2179 1366 2358 1408 vectes
2409 1357 2740 1421 opcr‘untur,
2787 1369 2904 1407 cum
2961 1355 3132 1407 verbis
3179 1355 3370 1408 divina:
3424 1354 3590 1424 legis.
3628 1371 3746 1423 qu:

2177 1459 2297 1498 esse
2324 1445 2471 1512 juxta
2503 1444 2693 1497 littera:
2724 1457 2936 1497 sensum
2973 1446 3123 1498 iortia
3153 1446 3421 1510 videntur,
3470 1457 3645 1514 atque
3692 1446 3753 1500 ad

2179 1534 2589 1589 c0nlirmandam
2639 1533 2796 1586 vitam
2848 1533 3078 1586 tideliutn
3125 1535 3437 1602 aptissima.
3496 1539 3753 1599 superior

2180 1622 2498 1684 intellectus,
2547 1619 2595 1671 id
2629 1631 2728 1681 est,
2761 1621 3061 1688 evangelica
3105 1621 3344 1674 claritate
3388 1620 3750 1690 prtfulgidtts

2181 1711 2351 1765 inesse
2381 1710 2773 1764 monstrabitur.
2806 1709 2872 1765 Ut
2900 1710 3062 1774 enim,
3087 1712 3320 1774 exempli
3343 1713 3554 1777 gratia,
3589 1728 3747 1765 unum

527 1804 747 1871 singulte
772 1804 997 1857 basibus
1032 1816 1419 1870 sustentantur;
1443 1807 1563 1876 quia
1593 1806 1704 1859 lucc
1730 1821 1936 1874 quoque
1965 1821 2076 1858 om-
2114 1780 2151 1837 Β
2183 1801 2534 1854 testimonium
2578 1815 2767 1867 ponam
2802 1818 2813 1852 :
2845 1815 2963 1854 cum
2996 1801 3219 1871 legimus
3245 1801 3540 1854 historiam
3578 1803 3743 1855 Sancti

528 1899 611 1951 nia
669 1900 733 1952 ad
781 1899 1234 1952 conﬁrmationem
1290 1897 1612 1966 evangelicae
1669 1906 1722 1951 et
1775 1898 2078 1965 apostolica:

527 1988 916 2054 pradicationis
959 1989 1226 2056 propheta:
1269 1991 1437 2042 sancti
1485 1989 1656 2042 futura
1699 2001 1817 2043 esse
1846 2001 2075 2042 consona

526 2093 655 2136 Voce
686 2078 1067 2146 praedixerunt.

1110 2167 1333 2223 CAPUT
1376 2167 1487 2222 \'ll.

741 2259 912 2313 i'ectes
942 2269 988 2312 et
1016 2261 1189 2313 annuli
1218 2257 1503 2312 tabularum
1534 2257 1864 2332 tabernaculi.

595 2346 774 2403 Facies
803 2359 848 2404 et
879 2361 1030 2404 vectes
1061 2352 1121 2403 de
1156 2351 1307 2420 lignis
1337 2351 1499 2412 actim,
1540 2359 1639 2402 etc.
1697 2348 1883 2403 Vectcs
1917 2349 2078 2416 qnin-

533 2455 670 2505 que,
721 2441 812 2508 qui
868 2441 1070 2494 tabulas
1117 2441 1436 2492 tabernaculi
1487 2441 1792 2502 continent,
1849 2437 2077 2504 quinque

525 2540 646 2582 sunt
678 2530 790 2582 libri
840 2529 1078 2582 Mosaicae
1123 2531 1276 2596 legis,
1306 2543 1528 2595 quorum
1576 2527 1866 2578 munimine
1897 2536 2074 2577 Sancta

531 2616 763 2670 Ecclesia
797 2618 1108 2669 mirabiliter
1156 2618 1219 2667 ah
1263 2615 1404 2667 omni
1455 2615 1766 2667 tcntautium
1819 2614 2076 2668 set-lorum

526 2706 1006 2772 sceleratorumque
1054 2705 1331 2771 spirituum
1384 2705 1695 2771 impulsione
1743 2714 1958 2757 tutatur.
2012 2704 2076 2757 Et

531 2795 630 2844 hoc
669 2793 716 2845 in
745 2803 965 2861 utroque
995 2793 1178 2854 latere,
1213 2793 1336 2862 quia
1371 2808 1472 2846 non
1498 2794 1665 2846 solum
1708 2795 1937 2862 priorem
1987 2793 2076 2847 Dei

530 2885 776 2953 populum
823 2886 996 2938 littera
1031 2886 1160 2953 legis
1203 2886 1476 2938 erudiebat
1517 2887 1580 2938 ad
1627 2887 1779 2938 [idem
1819 2894 1872 2939 et
1919 2899 2076 2952 opera

525 2977 684 3038 bona,
718 2976 806 3030 sed
841 2978 999 3029 etiam
1046 2992 1142 3029 nos
1191 2975 1310 3029 novi
1351 2987 1582 3042 tempore
1634 2977 1933 3030 testamenti
1970 2976 2076 3029 Deo

526 3067 834 3131 servientes,
864 3067 1049 3120 eadem
1081 3067 1255 3119 littera
1280 3067 1622 3133 spiritualiter
1651 3067 1937 3130 intellecta,
1965 3082 2074 3119 ma-

2179 1888 2308 1954 Noe,
2336 1890 2594 1957 quomodo
2615 1888 2885 1954 diluvium,
2916 1889 3056 1956 quod
3097 1891 3286 1958 impios
3323 1892 3449 1945 de'e
3463 1893 3556 1952 rit,
3587 1893 3744 1946 mira-

2179 1984 2352 2037 biliter
2376 2000 2494 2039 curn
2523 1984 2630 2038 suis
2658 1985 2709 2038 in
2733 1999 2850 2038 arca
2884 1993 3126 2038 servatus
3146 1989 3410 2048 evaserit;
3442 1997 3598 2053 patet
3634 1992 3744 2038 σῶα

2179 2074 2330 2128 nibus
2359 2075 2406 2128 in
2452 2090 2515 2128 eo
2557 2075 2696 2144 quod
2742 2074 2881 2128 Deus
2928 2075 3151 2141 diligens
3187 2075 3478 2143 justitiam,
3531 2089 3590 2132 et
3622 2077 3741 2130 odio

2181 2164 2377 2218 habens
2410 2165 2760 2231 iniquitatem,
2811 2165 2926 2230 pios
2967 2166 3172 2218 noverit
3201 2169 3267 2218 de
3297 2166 3604 2218 tentatione
3633 2168 3736 2218 eri-

2178 2269 2325 2323 pere,
2360 2255 2546 2319 impios
2576 2254 2856 2322 verojusta
2893 2254 3223 2308 districtione
3255 2256 3465 2321 punire.
3499 2256 3734 2326 Ideoque

2180 2344 2296 2397 talis
2338 2345 2494 2397 lectio
2545 2345 2710 2397 instar
2758 2345 2982 2397 vectium
3033 2344 3437 2411 itnputribilium
3488 2347 3739 2399 taliet-ua-

2179 2435 2351 2486 culum
2386 2433 2586 2484 Domini
2616 2431 2848 2485 continet
2887 2434 3006 2500 quia
3039 2440 3241 2486 mentes
3277 2431 3514 2486 fidelium
3560 2438 3735 2490 verbis

2181 2523 2371 2574 iniit-tce
2402 2520 2655 2583 veritatis,
2691 2519 2754 2572 ab
2799 2521 3008 2574 incursu
3051 2522 3398 2574 tentatiouutn
3449 2527 3731 2590 premunit

2180 2612 2228 2680 (Ι
2255 2612 2390 2665 Petr.
2421 2614 2524 2678 nt).
2563 2612 2753 2666 Verum
2783 2613 2931 2681 quasi
2975 2623 3152 2668 vectes
3191 2614 3347 2682 lignei
3393 2616 3616 2668 laminis
3652 2631 3735 2670 ve-

2179 2707 2407 2759 stiuntur
2435 2705 2628 2767 aureis,
2660 2720 2776 2758 cum
2810 2705 2918 2758 liter,
2946 2707 3127 2760 eadem
3159 2706 3315 2759 lectio
3347 2721 3444 2774 per
3489 2707 3730 2774 spiritu.

2182 2798 2283 2852 lem
2312 2797 2708 2866 intelligentiam
2740 2797 3111 2850 sacratioribus
3140 2797 3291 2865 plena
3337 2797 3617 2867 mysterLis
3648 2813 3729 2849 os-

2181 2891 2438 2952 tenditur,
2492 2904 2612 2943 cum
2665 2902 2787 2943 arca
2849 2887 3135 2942 Ecclesiam
3189 2888 3545 2950 catholicam.
3603 2905 3726 2956 aqua

2177 2982 2354 3036 diluvii
2405 2981 2719 3048 baptismum
2761 2979 3058 3049 significare
3106 2979 3436 3047 dignoscitur
3481 2997 3493 3030 :
3542 2980 3727 3032 unda

2179 3086 2232 3129 et
2261 3075 2524 3126 immunda
2551 3071 2816 3130 animalia.
2838 3071 3137 3140 spirituales
3164 3079 3217 3123 et
3237 3071 3480 3123 carnales
3503 3085 3728 3136 quosque

523 3158 657 3226 juris
683 3158 846 3222 gratia
879 3158 1195 3218 dulcedinis,
1228 3166 1278 3207 et
1305 3157 1353 3208 iu
1385 3159 1629 3223 praesenti
1651 3159 1714 3211 ad
1747 3158 1904 3212 fidem
1945 3174 2071 3225 cpe-
2101 3133 2146 3194 (ἶ
2179 3166 2228 3218 in
2263 3163 2494 3216 Ecclesia
2528 3180 2540 3214 :
2572 3163 2706 3231 ligna
2731 3133 3118 3228 arcades-gata
3159 3171 3206 3213 et
3243 3160 3581 3220 ltituniinata,
3615 3161 3721 3212 doc.

528 3267 583 3305 ra
610 3250 888 3318 iouemque
914 3250 1163 3302 virtutum
1189 3249 1432 3312 instituit,
1464 3257 1517 3302 et
1549 3251 1596 3302 iu
1632 3247 1806 3303 futuro
1838 3251 1901 3302 ad
1929 3265 2077 3317 spem

528 3355 795 3411 perpetua:
826 3340 1265 3396 remunerationis
1293 3341 1553 3395 accendit.
1587 3343 1836 3409 Ejusdem
1869 3357 2080 3409 quoque

538 3434 738 3484 numeri
773 3441 948 3485 vectes
1000 3433 1064 3484 ad
1109 3433 1493 3486 occidentalem
1538 3445 1656 3485 sunt
1707 3432 1931 3501 plagam,
1960 3434 2078 3500 quia

531 3523 696 3588 ipsam
728 3538 932 3589 quoque
963 3524 1368 3588 coinpletioncm
1397 3525 1517 3578 boni
1543 3525 1743 3592 Operie,
1775 3525 1990 3593 quando
2013 3525 2076 3577 ad

536 3613 745 3676 prmmia
772 3612 941 3665 futura
984 3615 1049 3666 de
1081 3628 1239 3666 earne
1284 3617 1604 3682 egredimur,
1642 3617 1722 3668 lex
1753 3616 1904 3668 nobis
1947 3617 2077 3670 bene

529 3701 792 3754 intelfecta
827 3703 1092 3768 prmdicat.
1131 3701 1277 3755 Unde
1313 3703 1654 3769 interroganti
1696 3705 1842 3756 diviti
1889 3722 1950 3760 ac
1999 3708 2076 3759 di-

529 3791 667 3844 centi
697 3809 708 3842 :
742 3789 986 3860 Magister
1011 3792 1157 3854 boue,
1200 3792 1321 3858 quid
1352 3792 1538 3858 faciant
1589 3801 1640 3842 nt
1683 3791 1892 3844 habeam
1929 3796 2077 3846 citam

526 3886 806 3934 ater-nam?
834 3883 1105 3948 respondit
1131 3881 1268 3933 idem
1297 3880 1543 3948 Magister
1573 3880 1739 3933 bonus
1774 3900 1784 3932 :
1823 3882 1883 3936 Si
1919 3885 1988 3935 vis
2013 3885 2078 3935 ad

527 3975 683 4022 vitam
715 3972 928 4039 ingredi,
976 3986 1118 4022 serra
1152 3972 1394 4021 mandata
1444 3968 1657 4038 (Matth.
1688 3972 1820 4038 xu).
1871 3971 1934 4025 Et
1973 3987 2076 4025 non

528 4059 601 4111 illi
633 4061 734 4111 alia
766 4075 920 4135 quant
953 4060 1082 4124 legis
1113 4059 1354 4112 mandata
1387 4060 1619 4113 subdidit
1653 4078 1664 4112 :

601 4147 842 4216 Ipsosque
865 4153 1060 4203 tubulas
1094 4154 1499 4214 deaurabis,etc.
1523 4153 1731 4208 Tabula:
1757 4155 2076 4210 tabernaculi

527 4237 789 4291 deaurata:
821 4242 1143 4308 prmlulgent,
1181 4259 1296 4297 cum
1339 4245 1510 4297 omnis
1535 4244 1661 4308 vita,
1695 4248 1866 4300 omnis
1897 4263 2077 4301 sermo

531 4337 832 4381 sanctorum
861 4329 1262 4395 praedicatorum
1283 4333 1453 4386 lucem
1482 4345 1850 4401 prmmonstrat
1871 4351 1922 4389 sa
1933 4339 2076 4404 pien-

531 4419 616 4471 tite
668 4420 924 4482 corlcstis,
964 4420 1196 4487 nihilque
1223 4422 1272 4473 in
1303 4423 1381 4475 eis
1429 4423 1568 4474 aliud
1600 4439 1754 4492 quam
1816 4427 2071 4477 virtutum

531 4511 691 4563 decus
717 4512 986 4578 aspicitur.
1019 4512 1206 4566 Annuli
1235 4523 1406 4566 autem
1439 4516 1605 4579 aurei,
1637 4531 1728 4582 per
1754 4531 1883 4582 quos
1902 4527 2078 4570 vectes

531 4602 756 4654 tabulata
805 4603 1166 4668 continebant,
1216 4603 1379 4672 ipsam
1423 4605 1540 4658 vita:
1593 4607 1826 4659 ca-lestis
1858 4606 2076 4660 beatitu-

485 4761 488 4764 .
529 4693 702 4745 dinem
721 4696 996 4766 designant
1020 4712 1034 4758 ;
1080 4712 1196 4763 qua:
1223 4708 1436 4764 propter
1458 4713 1566 4751 sua:
1585 4699 1804 4769 gloriam
1828 4698 2078 4752 claritatis

531 4791 674 4834 recte
713 4799 858 4845 auro,
903 4794 1118 4851 propter
1161 4787 1507 4840 :eternitatem
1545 4797 1687 4840 recte
1718 4789 1915 4840 circulo
1934 4802 2078 4839 com-

531 4878 760 4933 paratur.
789 4867 934 4921 Unde
964 4873 1240 4937 Apostolus
1266 4875 1330 4927 de
1361 4877 1445 4927 illa
1471 4892 1481 4927 :
1514 4872 1751 4940 Reposito
1784 4885 1872 4937 est,
1894 4874 2076 4941 inquit,

532 4956 653 5006 niihi
679 4972 861 5008 corona
880 4960 1089 5026 justitia:
1120 4961 1202 5030 (ll
1224 4963 1351 5015 Tim.
1387 4965 1478 5029 Iv).
1507 4966 1748 5030 Quinque
1777 4974 1947 5016 autem
1978 4966 2078 5016 cir-

530 5048 674 5101 culos
705 5051 926 5117 singula:
954 5051 1217 5103 habebant
1258 5052 1479 5112 tabula);
1516 5068 1616 5103 non
1650 5054 1769 5120 quia
1813 5054 2077 5120 quinque-

535 5144 721 5208 partita
753 5153 832 5196 est
861 5143 1124 5196 distinctio
1148 5142 1325 5208 patria:
1352 5143 1602 5203 caelestis,
1627 5144 1716 5194 sed
1746 5143 1864 5210 quia
1894 5145 2073 5196 eadem

537 5245 784 5300 perpetua
823 5235 1034 5288 claritas
1079 5243 1131 5285 ct
1160 5234 1300 5283 clara
1333 5230 1650 5297 perpetuitas
1682 5232 1830 5302 regni
1860 5233 1996 5285 illius
2026 5234 2074 5286 in

535 5325 748 5390 Genesi,
773 5327 954 5378 eadem
990 5327 1051 5377 'iu
1097 5324 1296 5385 Exodo,
1315 5315 1505 5374 'eadem
1538 5324 1585 5375 in
1609 5324 1864 5386 Levitico.
1891 5327 2073 5379 eadem

536 5416 586 5463 in
617 5416 747 5465 libro
782 5416 1149 5475 Numerorum,
1173 5414 1351 5466 eadem
1385 5414 1434 5465 in
1460 5413 1862 5466 Deuteronomio
1883 5417 2077 5482 scripta

536 5505 855 5555 continetur.
879 5505 938 5554 Et
958 5504 1183 5568 quinque
1196 5503 1370 5555 annuli
1384 5505 1523 5556 aurei
1539 5505 1754 5571 singulis
1772 5508 2076 5561 tabernacu-

538 5590 578 5638 li
624 5590 967 5640 tabuliscrant
998 5593 1136 5642 iuiixi
1159 5595 1302 5658 ,quia
1324 5593 2078 5659 eordajustorummultumdi—

538 5676 696 5727 latata
721 5689 808 5738 per
825 5693 1071 5739 :nnorcm,
1094 5680 1397 5733 iuomnibus
1416 5680 1790 5748 lcgisMosaic.e
1814 5687 1957 5740 libris
1973 5701 2075 5740 non

2182 3266 2320 3309 lol’CS
2345 3254 2505 3320 gratia
2533 3252 2649 3306 iidei
2682 3253 2955 3305 roboratos
2978 3265 3203 3304 :corvus
3233 3251 3445 3304 de‘arca
3487 3265 3725 3320 egressus

2182 3361 2276 3398 ncc
2306 3359 2567 3406 reversus,
2601 3358 2693 3397 eos
2722 3343 2810 3411 qui
2841 3352 2958 3410 post
2988 3341 3245 3406 baptisma
3299 3341 3364 3393 ad
3412 3342 3723 3406 apostasiam

2180 3434 2428 3486 decidunt
2460 3450 2472 3485 :
2507 3447 2682 3486 ramus
2709 3433 2863 3484 oliv;e
2899 3447 2990 3498 per
3017 3431 3322 3484 columbam
3354 3433 3531 3484 illatus
3571 3434 3620 3484 in
3650 3448 3724 3483 ar-

2178 3541 2312 3590 cam,
2336 3541 2426 3579 eos
2464 3525 2550 3594 qui
2594 3524 2717 3578 foris
2743 3525 2974 3593 quidem,
3011 3525 3108 3577 hoc
3147 3534 3228 3577 est
3263 3525 3400 3576 inter
3450 3525 3716 3578 luereticos

2180 3617 2422 3684 baptizati
2455 3629 2574 3670 sunt
2611 3635 2620 3666 :
2651 3615 2743 3669 sed
2786 3615 2906 3682 quia
2957 3613 3324 3683 pinguedinem
3351 3616 3613 3666 castitatis
3640 3617 3720 3666 ba-

2180 3705 2319 3764 heut,
2352 3720 2441 3772 per
2470 3705 2689 3773 gratiam
2717 3714 2879 3757 Sancti
2920 3703 3144 3768 Spiritus
3174 3702 3224 3754 in
3252 3705 3511 3756 unitatem
3540 3703 3720 3756 catho-

2180 3793 2333 3846 licam
2366 3806 2634 3848 merentur
2662 3793 2919 3845 introduci
2945 3811 2955 3845 :
2983 3795 3222 3846 Columba
3263 3794 3327 3846 dc
3351 3809 3472 3846 arca
3498 3809 3719 3862 egressa.

2181 3896 2349 3947 neque
2371 3883 2506 3932 ultra
2537 3895 2766 3942 reversi,
2793 3897 2883 3934 eos
2906 3883 2993 3948 qui
3020 3896 3178 3935 carne
3206 3882 3388 3944 soluti,
3418 3885 3487 3935 ad
3513 3884 3719 3937 liberata

2180 3971 2346 4024 lucem
2384 3970 2562 4037 patria:
2607 3971 2839 4023 cmlestis
2883 3972 3172 4036 pervolant,
3231 3987 3565 4039 nequaquam
3615 3989 3719 4027 am-

2183 4058 2314 4122 plius
2360 4057 2423 4109 ad
2473 4056 2678 4108 labores
2713 4065 2934 4110 terrena:
2988 4059 3426 4124 peregrinationis
3481 4060 3718 4114 redituri.

2178 4145 2580 4199 (Iircumdautur
2630 4147 2804 4212 itaque
2848 4161 2975 4197 auro
3020 4157 3197 4200 vectes
3248 4146 3516 4215 lignorum
3549 4151 3716 4212 setitn,

2179 4250 2298 4288 cum
2342 4233 2639 4286 firmissima
2684 4248 2846 4287 sacrae
2867 4235 3154 4302 Scriptura:
3199 4237 3500 4301 testimonia
3534 4253 3623 4303 per
3650 4239 3720 4290 ia-

2179 4325 2606 4389 terpretatioueni
2644 4325 2919 4398 mysticam
2954 4324 3035 4378 his
3071 4333 3122 4378 et
3155 4324 3453 4393 hujusorodi
3486 4327 3717 4379 sensibus

2180 4415 2483 4469 cmlestibus
2530 4429 2590 4468 ac
2634 4415 2996 4483 spiritualibus
3045 4416 3338 4484 probabunt
3385 4429 3506 4470 esse
3557 4417 3715 4484 petio-

2107 4481 2155 4540 D
2181 4503 2316 4558 cida.

2251 4595 2317 4648 Et
2335 4602 2491 4668 er'gcs
2515 4599 2883 4652 tabernaculum
2899 4601 3051 4670 juxta
3077 4601 3380 4668 exemplum,
3405 4609 3517 4654 etc.
3542 4599 3714 4653 Exut-

2181 4688 2320 4754 plum
2351 4690 2670 4742 tabernaculi
2721 4688 2882 4758 Moysi
2924 4690 2972 4741 in
3027 4700 3204 4741 monte
3248 4701 3596 4743 monstratum
3626 4699 3711 4748 est.

2180 4779 2299 4842 quia
2338 4789 2686 4829 commoratus
2716 4777 2765 4830 iu
2795 4786 3002 4830 secreto
3036 4791 3155 4830 cum
3202 4777 3454 4842 Domino,
3489 4777 3612 4828 vidit
3638 4790 3713 4828 su-

2183 4865 2392 4917 blimem
2439 4867 2685 4934 angelica:
2734 4866 2976 4934 puritatis
3011 4876 3064 4917 et
3099 4866 3514 4917 immortalitatis
3539 4867 3712 4924 vitam;

2185 4959 2246 5010 ad
2277 4958 2424 5027 cujus
2456 4961 2639 5021 instar,
2669 4959 2946 5009 humanam
2979 4956 3030 5007 in
3065 4966 3198 5011 terra
3232 4957 3706 5018 conversationem,

2188 5049 2234 5100 itt
2262 5058 2509 5116 quantum
2557 5046 2867 5100 mortalibus
2915 5044 3104 5096 imitari
3139 5044 3392 5111 possibile
3427 5043 3546 5110 fuit,
3579 5046 3712 5100 insn-

2186 5141 2641 5208 tuerejubebatur,
2685 5147 2740 5190 ut
2788 5150 2905 5188 cum
2938 5135 3185 5200 exemplo
3213 5149 3403 5188 eorum
3457 5137 3712 5190 mutuaia

2186 5228 2343 5281 Deum
2388 5228 2684 5292 dilectioni,
2727 5225 2920 5276 divina:
2964 5223 3276 5286 laudationi,
3306 5227 3572 5282 unanima
3595 5227 3712 5295 paci.

2183 5322 2395 5374 sincera:
2445 5317 2687 5382 castitati,
2739 5315 3058 5378 .czeterisque
3102 5315 3406 5384 huiusmodi
3460 5317 3716 5372 virttith

2182 5409 2233 5463 in
2266 5421 2396 5464 terra
2431 5424 2758 5470 vocaremus,
2813 5410 3139 5471 mereremur
3178 5417 3233 5460 et
3273 5410 3324 5460 in
3357 5409 3517 5464 catis
3555 5419 3714 5463 eam

2181 5515 2298 5554 esse
2324 5514 2616 5561 consortes.
2662 5501 2809 5568 juxta
2842 5490 3164 5564 promissum
3205 5498 3443 5564 Domini,
3469 5499 3714 5555 dicentis:

2183 5590 2268 5643 ΙΙΙὶ
2298 5602 2456 5652 autem
2490 5596 2574 5660 qui
2603 5592 2744 5662 digni
2771 5591 3080 5646 habebuntur
3118 5593 3306 5644 ueruto
3330 5594 3428 5645 illo
3475 5602 3522 5647 et
3563 5604 3712 5641 uarr-

2184 5685 2394 5737 rcctiona
2424 5702 2484 5736 ct:
2515 5683 2737 5748 mortuis,
2773 5697 2924 5750 neque
2955 5673 3169 5746 nabant.
3201 5699 3356 5748 rique
3395 5683 3590 5734 ducunt
3611 5693 3714 5734 α-
