3898 6260
167 337 269 394 ιιδ

1051 336 1138 389 DE
1177 334 1671 390 TABERNACULO
1713 331 1795 386 ET
1838 332 2028 388 VASIS
2063 334 2218 391 διιυὸ
2257 337 2380 391 Llil.
2423 337 2482 392 ll.

3269 345 3370 404 NG

167 464 267 507 res,
300 460 454 513 neque
488 445 619 496 enim
667 443 798 496 ultra
839 444 966 497 mori
1011 453 1276 505 rotarum;
1321 443 1542 511 requales
1585 442 1716 494 enim
1749 441 1795 498 Α
1826 450 1933 493 rcat
1975 459 2112 497 nunc
2143 445 2305 498 vultui
2349 447 2438 499 Dei
2481 461 2575 512 pro
2607 449 2778 501 nobis.
2817 449 2968 515 Quod
3017 461 3196 508 autem
3238 453 3372 509 ide...

165 544 281 586 sum
308 535 498 602 angelis
536 544 584 586 et
610 534 729 600 ﬁliis
761 531 880 596 Dei,
924 549 1036 586 eum
1066 533 1163 585 sint
1195 535 1290 600 ﬁlii
1331 533 1720 586 resurrectionis

169 626 382 694 (Matth.
411 625 563 693 nn).
595 623 903 693 Exemplum
934 625 1073 677 enim
1106 624 1257 676 nobis
1309 624 1514 694 Moyses
1555 639 1719 692 ange-

171 718 284 769 lica!
311 714 747 776 conversationis,
779 729 937 781 quam
968 717 1017 766 in
1047 725 1224 768 monte
1252 713 1721 781 contemplationis

169 806 319 866 vidit,
349 805 622 873 pra'ceplis
669 805 923 872 legalibus
952 803 1204 866 ostendit,
1241 817 1336 870 per
1364 817 1588 871 quorum
1619 801 1718 855 ob-

168 893 510 957 servantiatn,
557 901 610 944 et
653 891 748 956 ipsi
793 890 857 942 de
909 903 1044 942 terra
1074 889 1235 952 editi,
1285 890 1347 942 ad
1393 889 1717 943 consortium

170 983 472 1051 angelorum
508 983 559 1035 in
585 979 733 1034 coglis
780 979 1054 1046 pervenire
1091 980 1377 1046 possimus.
1409 980 1717 1045 Exemplum

171 1073 308 1126 idem
340 1073 490 1124 nobis
530 1072 648 1124 vita:
679 1068 1009 1136 perfectioris
1055 1078 1108 1123 et
1158 1072 1323 1123 beatae
1359 1069 1717 1123 retributionis

170 1160 229 1214 in
263 1163 423 1228 ﬁgura
472 1159 789 1212 tabernaculi
844 1169 896 1212 et
945 1158 1221 1212 ministerii
1275 1158 1620 1211 sacerdotalis
1658 1173 1719 1210 ac

171 1251 408 1314 Levitici,
461 1251 599 1318 quod
651 1249 917 1310 describit,
963 1249 1206 1318 prtebuit.
1259 1249 1490 1318 Erigitur
1541 1259 1716 1302 autem

171 1342 561 1396 tabernaculutlt
604 1342 748 1408 juxta
791 1340 1091 1408 exemplum
1131 1339 1273 1408 quod
1329 1339 1402 1392 illi
1436 1338 1488 1390 ιιι
1541 1349 1718 1392 monte

172 1440 520 1485 monstratum
550 1439 652 1494 est,
699 1430 909 1500 quando
947 1430 1100 1484 electi
1130 1429 1326 1497 quique
1372 1429 1436 1482 ad
1473 1428 1720 1481 imitatio-

171 1539 292 1576 nem
322 1523 570 1592 angelica:
620 1521 881 1587 puritatis,
906 1535 1063 1588 quam
1108 1518 1222 1587 ipse
1262 1521 1314 1573 in
1358 1519 1567 1572 occulto
1593 1531 1720 1571 con-

172 1613 417 1680 templari
442 1611 653 1673 meruit,
686 1624 820 1679 opus
849 1611 1190 1677 animumque
1217 1617 1560 1676 compmmnt.
1589 1609 1719 1661 liac-

171 1713 325 1756 tenus
363 1703 427 1755 de
471 1703 670 1767 pariete
719 1700 898 1765 templi
947 1698 1261 1767 meridiano,
1287 1696 1719 1766 septentrionali,

168 1805 226 1848 et
256 1762 587 1855 occidentali,
611 1801 765 1860 prout
797 1762 1046 1843 Dominus
1076 1762 1569 1855 dedit,vexpositum
1598 1795 1719 1840 est:
1750 1762 1798 1823 Β

171 1888 224 1937 in
255 1881 596 1951 sequentibus
624 1890 799 1934 autem
825 1879 984 1933 etiam
1011 1879 1270 1932 orientale
1312 1878 1467 1939 latus,
1496 1875 1724 1944 qualiter

168 1973 241 2025 sit
265 1971 635 2039 compositum,
668 1976 1011 2021 monstratur.
1041 1966 1146 2021 Sed
1179 1966 1321 2034 prius
1354 1965 1627 2032 Scriptura
1655 1964 1723 2017 de

172 2065 350 2119 medio
379 2065 596 2132 pariete,
627 2064 712 2131 qui
743 2071 922 2116 sancta
954 2069 1259 2114 sanctorum
1289 2074 1315 2110 a
1347 2058 1520 2126 priore
1551 2057 1723 2110 tabero

172 2156 360 2212 naculo
380 2154 667 2218 dividebat,
699 2151 1048 2205 intimandum
1075 2149 1348 2217 judicavit.

750 2261 973 2317 CAPUT
1014 2261 1142 2314 Vill.

173 2355 250 2410 De
275 2355 393 2410 velis
423 2364 468 2408 et
494 2354 740 2406 columnis
769 2350 1080 2406 tabernaculi
1119 2358 1164 2401 et
1197 2347 1552 2417 prapitiatario
1577 2359 1724 2414 super

871 2437 1008 2474 arca.

241 2513 423 2568 Facies
453 2524 498 2567 et
523 2514 682 2567 celum
705 2515 766 2564 de
791 2511 1079 2580 hyacintho,
1111 2520 1214 2564 etc.
1248 2508 1434 2563 Velum
1475 2507 1593 2570 hoc,
1621 2519 1725 2575 quo

171 2590 567 2660 tabernaculum
618 2603 948 2657 dividebatur
989 2601 1240 2663 medium,
1278 2601 1344 2651 ita
1379 2598 1603 2667 positum
1638 2613 1724 2650 re-

171 2699 272 2752 fert
297 2695 575 2762 Josephus,
618 2704 670 2744 ut
689 2689 1093 2758 vigintiquidem
1114 2686 1274 2740 cubiti
1299 2687 1637 2755 longitudinis
1658 2685 1724 2737 ad

173 2790 402 2858 priorem
434 2788 668 2848 domutn,
698 2783 880 2836 decem
907 2796 1031 2834 vero
1077 2781 1398 2847 pertinerent
1443 2779 1508 2829 ad
1537 2792 1726 2829 secun-

169 2884 313 2939 dam.
353 2880 500 2945 Quod
537 2894 626 2946 per
654 2877 829 2930 omnia
861 2875 1119 2928 mensuris
1149 2873 1348 2940 templi,
1375 2869 1511 2937 quod
1545 2879 1721 2936 postea

169 2977 363 3028 factum
387 2983 466 3026 est
495 2986 521 3024 a
546 2971 846 3030 Salomone,
880 2968 1038 3036 liquet
1063 2980 1179 3019 esse
1207 2963 1543 3017 conveniens.
1575 2960 1721 3027 Quod

168 3081 289 3120 cum
320 3073 462 3117 esset
483 3063 747 3130 sexaginta
771 3059 1062 3114 cubitorum
1088 3055 1442 3123 longitudinis,
1462 3063 1513 3106 et
1541 3052 1720 3119 viginti

169 3155 476 3219 latitudinis,
501 3154 707 3208 tertiam
732 3149 1070 3218 longitudinis
1101 3159 1320 3216 partem,
1343 3145 1390 3198 id
1417 3154 1517 3211 est,
1539 3144 1718 3213 viginti

170 3249 374 3300 cub.tos
404 3245 464 3297 ad
497 3245 795 3297 interiorem
828 3242 1061 3303 domum,
1091 3239 1190 3291 hoc.
1219 3248 1300 3292 est
1325 3245 1564 3290 sanctum
1596 3249 1720 3287 sau-

169 3353 376 3393 ctorum
434 3337 657 3390 habebat
722 3343 1016 3404 separatam
1065 3331 1178 3385 :ita
1234 3341 1288 3383 ιιι
1347 3327 1615 3396 longitudo
1669 3336 1723 3380 et

172 3428 392 3484 latitudo
431 3427 667 3495 ejusdem
718 3427 905 3479 domtts
956 3421 1225 3477 interioris
1276 3435 1373 3473 una
1423 3428 1583 3472 esset.
1634 3416 1722 3470 Sic

171 3535 300 3587 ergo
334 3517 654 3570 tabernaculi
695 3529 812 3583 pars
860 3513 1083 3566 interior
1107 3509 1487 3578 longitudinem
1519 3516 1572 3562 et
1602 3506 1721 3558 lati-

173 3611 410 3664 tudinem
441 3609 692 3670 similem,
728 3607 826 3658 hoc
858 3615 940 3656 est
981 3604 1236 3656 denorum
1272 3601 1495 3653 habebat
1522 3599 1721 3651 cubito-

174 3718 312 3756 rum.
343 3699 476 3765 Quid
523 3708 702 3751 autem
737 3697 872 3750 idem
902 3694 1072 3748 velum
1112 3693 1399 3762 ﬁguraliter
1424 3690 1718 3757 exprimat,

175 3793 457 3864 Apostolus
484 3791 546 3843 ad
577 3790 821 3843 Hebraeos
850 3787 1125 3841 manifeste
1147 3786 1397 3848 declarat,
1433 3781 1519 3838 ubi
1548 3791 1602 3836 et
1626 3781 1725 3833 hoc

182 3884 380 3954 pariter
436 3882 649 3948 exponit
684 3881 754 3934 ad
792 3894 1006 3934 sensum
1050 3876 1386 3947 allegoricum
1418 3893 1428 3927 :
1462 3890 1625 3943 quare
1672 3872 1722 3925 in

178 3977 353 4045 priore
382 3972 590 4043 quidem
621 3971 959 4025 tabernaculo
989 3984 1198 4037 semper
1223 3967 1502 4020 introirent
1546 3977 1724 4016 sacer-

177 4070 362 4131 dotes,
414 4063 790 4118 sacrificiorum
833 4061 1007 4115 oflicia
1041 4067 1486 4121 consuunuantes,
1535 4057 1585 4108 ιιι
1635 4070 1725 4106 se-

180 4159 352 4212 cundo
379 4165 549 4208 autem
580 4153 742 4207 semel
776 4154 824 4204 in
853 4166 990 4204 anno
1016 4151 1157 4204 solus
1190 4148 1441 4216 pontiiex,
1482 4161 1582 4199 non
1612 4145 1726 4196 sine

180 4249 466 4318 sanguine,
513 4260 668 4310 quem
702 4241 957 4295 offerebat
1003 4253 1098 4306 pro
1139 4252 1230 4290 sua
1280 4248 1333 4290 et
1365 4237 1537 4303 populi
1581 4235 1726 4299 igno-

182 4340 370 4391 rantia.
409 4334 591 4388 \‘elum
642 4333 771 4394 hoc,
801 4329 992 4381 caelum
1023 4329 1427 4393 interpretatur.
1457 4323 1602 4388 Quod
1634 4337 1725 4373 au-

183 4441 287 4484 tem
336 4432 384 4481 in
430 4427 604 4494 priore
635 4419 968 4473 tabernaculo
1010 4416 1245 4484 quotidie
1287 4430 1377 4484 per
1420 4427 1611 4466 amnnn
1645 4413 1711 4463 iu-

185 4519 407 4573 lroibant
437 4529 554 4568 cum
585 4510 859 4566 sacriliciis
886 4508 1209 4569 sacerdotes,
1242 4521 1403 4572 super
1434 4505 1585 4572 hujus
1611 4503 1728 4556 vita:

183 4621 319 4664 statu
347 4607 588 4664 edisserit
636 4623 649 4659 :
700 4604 785 4656 ubi
838 4599 1006 4654 sancti
1056 4599 1272 4652 Domino
1313 4599 1427 4650 sine
1471 4597 1729 4648 internus-

185 4703 331 4758 sioae
361 4697 693 4759 famulantes.
723 4693 1056 4763 quotidianos
1101 4705 1213 4744 sua!
1259 4688 1552 4756 fragilitatis
1583 4703 1731 4741 erra-

185 4807 288 4860 tus,
346 4795 460 4847 sine
507 4789 693 4860 quibus
730 4801 848 4840 esse
876 4787 925 4838 in
965 4781 1065 4836 hac
1119 4784 1218 4833 vita
1269 4782 1560 4833 nullatenus
1605 4794 1727 4845 pos-

185 4898 326 4952 sunt,
357 4884 676 4954 quolidianis
725 4883 976 4934 bonorum
1004 4891 1218 4944 operum
1251 4876 1496 4938 victimis,
1547 4873 1726 4940 quoti-

188 4978 354 5029 dianis
427 4978 772 5043 lacrytnarum
844 4983 1053 5021 suarum
1133 4964 1502 5027 libaminibus,
1582 4961 1727 5028 quasi

189 5063 296 5115 veri
326 5065 627 5115 sacerdotes
659 5062 748 5113 Dei
798 5070 850 5112 et
888 5057 1080 5111 Clitiin
1123 5057 1255 5120 ejus,
1293 5055 1524 5119 expiant.
1572 5053 1727 5104 Sum-

190 5167 327 5203 tnum
373 5166 496 5203 vero
534 5153 880 5213 sacerdotem,
931 5148 1016 5216 qui
1068 5145 1227 5198 semel
1269 5143 1319 5194 in
1371 5157 1508 5195 anno
1548 5153 1728 5195 sancta

191 5250 488 5293 sanctorum
532 5256 648 5292 cum
673 5242 922 5306 sanguine
955 5236 1280 5288 victimarum
1314 5232 1725 5297 ingrediebatur,

195 5335 359 5398 ipsum
390 5332 634 5398 intelligit
662 5347 775 5383 esse
795 5332 1091 5395 pontificem
1125 5339 1388 5390 magnum,
1422 5324 1504 5374 cui
1529 5323 1724 5375 dictum

199 5417 401 5474 estzTu
448 5431 496 5467 es
520 5417 753 5468 sacerdos
799 5417 850 5467 in
901 5428 1142 5466 internum
1179 5408 1452 5462 secundum
1501 5411 1727 5462 ordinent

195 5507 556 5563 Melchisedech
607 5504 824 5575 (Psalm.
868 5504 998 5572 cu).
1050 5503 1148 5569 Qui
1197 5499 1361 5554 semel
1403 5499 1608 5553 oblatus
1637 5516 1731 5568 pro

197 5602 421 5670 peccatis
470 5602 680 5661 nostris,
733 5600 843 5667 ipse
886 5598 1132 5661 sacerdos
1174 5603 1226 5648 et
1279 5593 1447 5645 hostia
1492 5608 1586 5661 per
1615 5610 1733 5661 pro-

198 5695 359 5760 prium
381 5693 686 5764 sanguinem
728 5691 779 5746 in
809 5690 978 5758 ipsum
1008 5687 1199 5742 caelum
1232 5683 1468 5745 intravit,
1492 5693 1548 5737 ut
1574 5699 1734 5755 appa-

1820 533 1989 584 vclum
2021 533 2086 587 de
2109 533 2395 603 hyacintho
2418 546 2473 591 et
2503 551 2752 606 purpura,
2784 548 2836 592 et
2873 555 3039 594 cocco
3066 541 3145 597 bis
3187 547 3370 610 tincto,

1817 633 1866 674 et
1919 621 2059 675 liisso
2105 635 2298 677 retorta
2349 625 2569 693 pulchra
2619 628 2874 680 varietate
2916 640 3220 685 contextum
3267 644 3368 698 est,

1819 714 1933 780 quis
1981 728 2083 766 non
2132 715 2307 768 videat
2333 716 2488 770 etiun
2534 719 2681 783 juxta
2736 718 2961 770 litteram
2996 721 3367 787 pulchritudini

1819 801 2052 854 ctelestis
2081 816 2372 869 congruere
2413 804 2663 857 visionis?
2686 803 2739 858 Si
2783 806 2921 860 enim
2951 807 3191 862 decorem
3222 810 3340 862 flaui

1819 901 2037 955 masque
2084 899 2365 958 astrorum,
2406 893 2448 943 si
2491 891 2824 946 multifariam
2855 896 3067 948 nubium
3098 897 3322 964 speciem
3351 939 3366 963 ,

1818 977 1860 1028 si
1905 976 2070 1041 ipsam
2105 978 2221 1030 irim
2269 979 2610 1044 censideras,
2657 982 2806 1034 mille
2854 984 3146 1037 trahentem
3199 987 3368 1038 varios

1818 1065 2042 1119 adverso
2065 1069 2175 1121 sole
2205 1069 2432 1132 colores,
2457 1086 2628 1122 nonne
2652 1071 2846 1125 videris
2877 1074 2971 1126 tibi
2999 1078 3162 1127 multo
3188 1077 3368 1144 plures

1818 1169 1881 1208 ac
1921 1156 2267 1222 pulchriores,
2297 1173 2451 1224 quam
2485 1159 2601 1211 velo
2628 1160 2946 1215 tabernaculi
2980 1164 3193 1217 intexta:
3219 1176 3363 1231 sunt,

1818 1245 2008 1328 inditas
2037 1246 2172 1299 coelo
2203 1247 2435 1298 eolornm
2470 1257 2649 1302 notare
2681 1249 2952 1317 pieturas?
2995 1253 3226 1320 Quatuor
3268 1271 3367 1308 au-

1819 1339 1920 1383 tettt
1953 1333 2230 1394 columnae,
2286 1346 2406 1390 ante
2442 1351 2570 1403 quas
2602 1353 2894 1407 appensutn
2925 1354 3002 1397 est
3043 1344 3139 1398 hoc
3171 1344 3365 1411 velum,

1818 1423 2106 1476 caelestium
2134 1434 2254 1475 sunt
2286 1435 2567 1491 potestates
2598 1431 2882 1496 agminum,
2933 1443 3159 1500 quatuor
3204 1437 3369 1488 virtu-

1821 1511 1959 1564 tibus
1981 1513 2187 1564 eximiis
2215 1517 2504 1580 prmclarae,
2537 1516 2601 1568 de
2627 1518 2818 1584 quibus
2849 1529 2901 1572 et
2931 1535 3084 1587 supra
3115 1522 3363 1587 diximus,

1822 1599 1922 1653 hoc
1969 1610 2049 1654 est
2079 1603 2405 1667 fortitudine,
2452 1607 2817 1678 temperantia,
2870 1610 3145 1676 prudentia
3192 1622 3246 1664 et
3283 1611 3371 1681 ju-

1821 1693 1981 1745 stitia.
2010 1694 2134 1757 Qute
2183 1693 2394 1775 quidem
2439 1697 2658 1749 virtutes
2712 1697 2864 1751 aliter
2911 1701 2959 1750 in
3009 1701 3277 1754 laboribus
3317 1712 3373 1756 ct

1824 1786 2070 1838 :crumnis
2093 1786 2211 1838 vita-
2235 1786 2388 1854 hujus
2410 1802 2438 1839 a
2468 1788 2639 1851 nobis,
2668 1790 2824 1843 aliter
2846 1790 2894 1843 in
2919 1793 3067 1847 cmlis
3094 1803 3373 1847 servantur

1822 1873 1888 1927 ab
1916 1874 2113 1943 angelis
2137 1882 2191 1927 et
2212 1875 2483 1929 animabus
2504 1879 2723 1931 sanctis.
2747 1879 2820 1933 lbi
2851 1897 3075 1950 namque
3103 1887 3370 1951 regnantia

1823 1977 2052 2030 praisens
2083 1963 2285 2016 videtur
2312 1979 2427 2018 esse
2455 1967 2981 2035 subditumjustitie.
3032 1970 3124 2024 Est
3180 1981 3234 2026 et
3273 1975 3371 2028 hoc

1823 2051 2133 2106 immortalis
2156 2055 2371 2108 omnino
2388 2055 2634 2123 jtlslitiat;
2659 2059 2855 2112 nullum
2883 2059 3081 2114 bonum
3113 2063 3220 2117 Deo
3242 2078 3373 2132 prte-

1824 2157 2037 2211 ponere,
2071 2145 2151 2198 vel
2179 2160 2410 2213 :equare,
2437 2147 2726 2215 prudentia:
2762 2167 2773 2200 :
2810 2149 2921 2205 Deo
2959 2152 3260 2207 firmissime
3283 2169 3373 2208 co-

1823 2232 2046 2298 limrere,
2079 2235 2396 2288 fortitudinis
2431 2253 2444 2289 :
2479 2239 2621 2291 nullo
2663 2239 2872 2293 defectu
2905 2244 3060 2294 noxio
3089 2243 3368 2309 delectari,

1826 2325 2209 2388 temperantia.
2246 2325 2341 2377 llic
2365 2335 2560 2391 autem,
2591 2329 2729 2394 qttod
2762 2328 3054 2397 aitjustitia
3104 2333 3153 2384 in
3177 2334 3374 2388 subve-

1825 2414 2014 2466 niendo
2038 2416 2275 2480 miseris,
2313 2417 2453 2484 quod
2487 2419 2756 2485 prudentia
2800 2421 2851 2472 in
2905 2424 3258 2489 prmcavcndis
3291 2424 3371 2477 iu-

1825 2506 1990 2575 sidiis,
2023 2508 2158 2576 quod
2191 2507 2440 2563 fortitudo
2468 2511 2520 2562 in
2553 2513 2878 2578 perferendis
2923 2515 3206 2579 molestiis,
3232 2517 3370 2584 quod

1828 2599 2169 2666 temperantia
2217 2600 2268 2653 in
2311 2603 2617 2655 coercendis
2669 2603 3105 2660 deleCtationihus
3156 2607 3364 2674 pratis.

1826 2704 1928 2741 non
1956 2690 2022 2742 ibi
2049 2691 2148 2745 erit
2178 2691 2265 2744 ubi
2295 2691 2423 2746 nihil
2452 2694 2663 2746 omnino
2693 2696 2793 2749 erit
2846 2697 2988 2749 mali.
3025 2698 3163 2760 Bene
3198 2709 3372 2752 autem

1828 2781 1906 2832 lia:
1934 2783 2192 2833 columna:
2222 2784 2288 2841 de
2338 2784 2491 2851 lignis
2532 2788 2681 2837 setim
2739 2795 2863 2838 sunt
2910 2788 3078 2850 factae,
3129 2789 3210 2840 vel
3251 2790 3372 2854 quia

1824 2871 2035 2938 spiritus
2081 2873 2300 2940 angelici
2350 2874 2774 2942 incorruptibiles
2822 2889 3002 2929 natura
3050 2887 3102 2929 et
3150 2880 3368 2930 immor-

1826 2965 1954 3016 tales
1981 2973 2098 3016 sunt
2131 2966 2346 3029 conditi,
2380 2967 2459 3020 vel
2491 2968 2608 3032 quia
2658 2967 2854 3032 absque
2896 2950 3114 3035 peccato
3153 2969 3372 3033 conditi,

1827 3053 2186 3109 intemeratum
2217 3070 2324 3109 sum
2354 3058 2667 3109 conditionis
2719 3059 2993 3125 puritatem
3041 3074 3252 3128 semper
3280 3076 3374 3115 cu-

1824 3150 2071 3203 Stodiunt.
2112 3148 2182 3200 De
2212 3149 2398 3215 quibus
2424 3158 2542 3214 apte
2571 3150 2810 3202 subditur
2841 3169 2852 3202 :

1899 3239 2022 3304 Qua:
2050 3239 2172 3302 ipsa:
2199 3239 2397 3305 quidem
2437 3241 2696 3291 deaurata
2739 3251 2908 3299 erunt.
2958 3250 3061 3294 etc.
3105 3241 3144 3292 D
3179 3250 3376 3293 aurata:

1824 3330 2017 3399 quippe
2057 3337 2178 3380 sunt
2222 3329 2498 3388 columnae,
2547 3338 2666 3379 ante
2710 3343 2838 3394 quas
2880 3330 3263 3395 appenderetur
3293 3343 3372 3381 ve-

1825 3420 1969 3483 lum;
2027 3420 2144 3483 quia
2192 3417 2373 3485 posita:
2415 3417 2547 3468 intra
2586 3417 2759 3468 velum
2797 3418 2916 3470 ςαξιί
2963 3420 3183 3471 virtutes
3222 3434 3377 3480 ange-

1829 3510 2022 3569 lorum,
2054 3519 2270 3557 summaa
2301 3503 2559 3556 claritatis
2591 3515 2708 3556 sunt
2744 3506 2907 3573 gratia
2941 3507 3165 3560 vestitas.
3193 3506 3378 3573 Capita

1824 3598 2018 3651 habent
2050 3612 2227 3660 aurea,
2282 3599 2400 3663 quia
2429 3605 2663 3672 mentem
2708 3612 2809 3663 qua
2855 3609 3134 3662 reguntur,
3184 3596 3380 3651 habent

1828 3688 2096 3755 praesi-ntia
2126 3684 2318 3739 divinas
2347 3674 2662 3752 (immunis
2692 3702 2753 3738 ac
2795 3687 3010 3738 visionis
3041 3687 3378 3739 illustratam.

1826 3778 2031 3832 llabent
2073 3786 2125 3831 et
2169 3777 2320 3830 bases
2344 3785 2656 3843 argenteas;
2709 3776 2831 3843 quia
2863 3777 3034 3828 omnis
3065 3792 3248 3829 eorum
3281 3792 3377 3828 na-

1829 3880 1939 3924 tura
1974 3870 2023 3923 in
2053 3871 2171 3932 hoc,
2202 3867 2348 3934 quasi
2380 3867 2746 3929 fundamento,
2782 3868 3080 3934 specialiter
3117 3867 3372 3931 subsistit,

1829 3971 1882 4014 ut
1913 3959 2092 4014 laudes
2117 3961 2427 4027 hymnorum
2460 3973 2556 4011 suo
2587 3956 2858 4011 Conditori
2903 3959 3169 4022 decantet,
3203 3967 3254 4007 ut
3286 3970 3380 4007 vo-

1829 4052 2083 4106 luntatem
2113 4049 2351 4116 ejusdem
2376 4046 2700 4107 Conditoris,
2745 4044 2894 4096 nobis
2925 4045 3097 4096 adhuc
3139 4043 3190 4096 in
3241 4052 3378 4098 terra

1829 4137 2310 4208 peregrinantibus,
2337 4136 2483 4202 quasi
2515 4145 2658 4185 extra
2693 4133 2867 4185 velum
2895 4132 3096 4199 positis,
3124 4135 3232 4186 suis
3253 4149 3382 4187 con-

1827 4229 2030 4282 civibus
2078 4238 2312 4280 narrent.
2347 4223 2497 4279 Unde
2546 4233 2600 4276 et
2650 4224 2744 4290 ipsi
2798 4223 2862 4277 de
2913 4233 3050 4277 terra
3102 4235 3381 4292 congratu—

1830 4319 1996 4370 lantcs
2035 4331 2216 4369 eorum
2263 4315 2505 4368 laudibus
2550 4315 2754 4378 sedulo,
2787 4317 2934 4382 quasi
2978 4329 3106 4366 voce
3135 4298 3380 4367 exhorta-

1833 4409 1985 4469 toria,
2020 4408 2195 4460 dicere
2225 4407 2458 4459 solemus
2489 4425 2500 4457 :
2536 4404 2825 4458 Benedicite
2875 4405 3168 4466 Dominum,
3211 4417 3380 4454 omnes

1834 4501 2001 4569 angeli
2044 4503 2189 4566 ejus,
2236 4507 2456 4566 potentes
2500 4500 2706 4559 virtute,
2748 4497 2833 4565 qui
2873 4497 3039 4566 facitis
3077 4493 3381 4546 voluntatem

1833 4594 1940 4662 ejus
1969 4589 2186 4658 (Psalm.
2233 4588 2346 4656 cu).
2382 4589 2523 4640 Auro
2563 4600 2786 4652 namque
2816 4599 2958 4652 sa-pc
3009 4585 3057 4634 in
3098 4581 3382 4649 Scripturis

1831 4683 2100 4753 sapientia:
2131 4679 2402 4747 splendor,
2437 4687 2655 4746 argento
2686 4679 2824 4730 nitor
2856 4676 3062 4729 ostendi
3097 4677 3377 4729 verborum

1833 4774 2126 4829 Consucvit.

1906 4866 2155 4917 [meretur
2200 4867 2365 4909 autem
2416 4857 2575 4908 velum
2620 4874 2706 4924 par
2735 4857 2966 4919 circulos,
2995 4865 3102 4911 etc.
3151 4855 3380 4923 Circuli,

1836 4956 1971 5022 quod
2004 4965 2169 5018 neque
2214 4948 2416 5000 initiutn
2452 4947 2666 5011 habere,
2697 4962 2867 5016 neque
2911 4951 3068 5001 linem
3111 4949 3378 5008 videntur.

1837 5057 2207 5110 nonnunquam
2242 5040 2290 5091 in
2316 5039 2587 5107 Scriptura
2632 5054 2779 5092 sacra
2815 5052 2907 5105 pro
2937 5039 3227 5092 aeternitate
3259 5040 3378 5101 poni

1834 5136 2025 5188 solent.
2060 5131 2122 5182 Et
2152 5139 2270 5195 apte
2296 5129 2489 5189 velum,
2521 5143 2625 5195 quo
2647 5128 2838 5180 ccelum
2873 5127 3140 5189 figuratur,
3173 5139 3265 5189 per
3287 5126 3383 5176 cir-

1835 5226 1984 5278 culos
2007 5232 2316 5287 suSpensum
2342 5231 2459 5268 esse
2491 5216 2822 5284 perhibetur;
2851 5215 2930 5264 vel
2960 5212 3077 5278 quia
3107 5211 3155 5262 in
3181 5221 3380 5263 aeterno

1835 5328 1949 5369 erat
1977 5309 2194 5365 consilio
2225 5306 2538 5368 Divinitatis,
2582 5303 2789 5372 quando
2821 5301 3047 5352 mundus
3087 5307 3375 5359 crearetur,

1833 5409 1883 5462 in
1915 5418 2018 5473 quo
2049 5401 2268 5467 primum
2299 5409 2454 5466 atque
2482 5396 2732 5449 eximium
2786 5391 2953 5444 locum
2990 5389 3145 5440 habet
3194 5397 3379 5441 natura

1833 5497 2096 5554 cmlestis;
2128 5492 2208 5545 vel
2244 5491 2361 5559 quia
2397 5492 2465 5542 ita
2498 5490 2690 5539 factum
2725 5497 2801 5537 est
2829 5488 3210 5536 liimameutum
3234 5482 3376 5546 ctcli,

1835 5600 1892 5645 ut
1920 5599 2179 5654 nunquam
2210 5583 2409 5635 factura
2432 5580 2546 5646 ejus
2574 5578 2829 5630 solvatur.
2872 5574 2997 5627 Nam
3029 5579 3165 5637 quod
3201 5573 3371 5624 Denuo

1839 5697 1932 5737 ltus
1964 5678 2033 5731 ait
2064 5695 2072 5726 :
2110 5673 2297 5728 Caelum
2326 5682 2370 5725 ct
2400 5680 2530 5724 terra
2562 5668 2842 5721 transibunt
2873 5663 3080 5733 (.llattlt.
3114 5663 3281 5727 ιλιι),
3313 5661 3378 5715 de
