3898 6260
522 385 628 437 Δοῖ

1017 378 1216 435 ωιλε
1261 374 1717 432 νι-ῖκειιλυιωε
1753 372 2036 430 οῐνεῐιιξω
2078 371 2100 428 1

2204 371 2253 430 .S
2295 371 2357 426 ll.
2398 399 2468 413 —
2507 369 2898 427 ESECETlCA
2936 369 3253 426 CENSINA.

3649 369 3729 422 433

530 495 668 548 «ιηειη
693 502 771 544 est
807 493 1036 544 setltereo
1057 487 1442 554 accipiendum.
1481 485 1560 540 De
1589 501 1694 551 qu"
1733 482 2024 536 llieremias
2058 499 2068 532 :
2107 487 2145 539 Α
2177 496 2268 548 per
2291 480 2425 535 hanc
2453 494 2513 535 se
2538 493 2696 535 sensu
2724 478 2978 548 spirituali
3007 479 3350 534 rorelandaxn
3382 495 3520 534 esse
3551 482 3729 546 s'guiﬁ-

530 585 755 649 Milvus,
808 585 1014 650 inquit,
1070 583 1123 633 in
1173 583 1297 633 calo
1362 579 1616 648 cognoscit
1673 589 1864 637 tempus
1929 591 2076 628 suum

527 673 706 746 (Hier.
747 672 888 740 vnt).
941 670 1071 726 Illud
1112 685 1340 737 namque
1385 670 1578 724 coelum
1628 668 1680 721 in
1719 667 1920 735 judicio
1959 668 2078 734 igne

529 768 824 832 periturum
843 773 944 829 est,
963 761 1100 832 quod
1129 762 1180 814 in
1204 760 1402 814 diluvio
1422 769 1626 814 conatat
1646 772 1765 812 esse
1784 757 2078 826 perditum;

534 857 693 912 l’etro
719 866 1022 918 attestante,
1046 853 1131 924 qui
1156 854 1262 907 ait:
1306 853 1431 908 Caeli
1475 863 1622 906 erant
1648 852 1786 916 prius
1826 862 1876 904 et
1919 861 2079 918 ιιι-τα,

528 952 592 1003 de
617 965 750 1020 aqua
778 959 822 1001 et
849 964 936 1019 per
964 962 1146 1015 aquam
1170 946 1491 998 consistentes
1522 945 1669 997 rerbo
1703 941 1815 1005 Dei,
1852 959 1942 1021 per
1971 957 2084 1012 quia

529 1040 618 1094 ille
656 1049 774 1092 tune
817 1037 1033 1089 mundus
1078 1050 1212 1104 aqua
1241 1034 1514 1087 mundatus
1554 1034 1700 1102 p.riit
1729 1047 1746 1084 :
1778 1031 1888 1083 (teli
1922 1041 2086 1082 autem

525 1135 613 1202 qui
635 1149 768 1186 nunc
794 1140 928 1192 sunt,
957 1141 1004 1183 et
1025 1141 1181 1185 terra.
1206 1130 1383 1182 eodem
1417 1127 1564 1180 t-erbo
1588 1141 1616 1177 r
1643 1123 1792 1194 positi
1815 1130 1954 1184 sunt,
1981 1122 2087 1191 igni

529 1223 766 1279 reservati
795 1223 844 1274 in
866 1222 998 1274 diem
1035 1220 1222 1291 jndicii
1269 1216 1322 1284 (1
1332 1216 1354 1268 Ι
1389 1215 1658 1280 Petr.'ttt).
1705 1213 1846 1268 Intra
1878 1213 1976 1266 huc
2007 1227 2090 1267 ve-

533 1316 639 1368 lum
664 1311 853 1378 templi
868 1311 1042 1384 posita
1068 1319 1152 1362 est
1187 1322 1309 1360 arca
1343 1306 1803 1374 testatnenti;quia
1829 1303 2088 1358 mediator

534 1406 626 1460 Dei
653 1415 708 1460 et
747 1405 1039 1464 hominum,
1094 1399 1250 1453 homo
1296 1398 1538 1452 Christus
1587 1396 1761 1458 .lesus,
1792 1396 1880 1464 qui
1943 1395 2091 1449 solus

538 1509 875 1566 paternorum
901 1505 981 1547 est
1003 1493 1247 1547 conscius
1269 1505 1608 1553 arcumrum,
1639 1497 1757 1558 pust
1788 1485 2090 1555 passionem

535 1604 685 1642 suam
740 1586 1288 1652 resurrectionemque
1339 1596 1369 1634 a
1415 1577 1662 1641 mortuis,
1714 1590 1874 1644 super
1907 1575 2092 1630 ~co>.los

535 1679 790 1732 caelorum
821 1679 1137 1736 ascendens,
1169 1672 1320 1727 sedet
1351 1671 1414 1726 ad
1449 1672 1718 1725 dexteram
1746 1668 1939 1722 Patris.
1985 1666 2094 1720 Iluc

536 1768 657 1820 velo
708 1765 1064 1818 sanctuarinm
1097 1771 1154 1818 et
1180 1761 1461 1815 sanctuarii
1501 1760 1800 1814 sanctuaria
1846 1757 2092 1810 dividun-

538 1866 654 1919 tur;
685 1855 930 1923 quoniam
963 1853 1218 1915 Ecclesia,
1249 1867 1365 1920 quae
1383 1867 1446 1905 ex
1469 1850 1670 1919 angelis
1691 1847 1890 1901 sanctis
1917 1857 1969 1899 et
1998 1846 2092 1898 hn~

541 1944 774 1998 minibus
805 1951 1029 2005 constat,
1078 1942 1268 2016 partim
1299 1939 1470 1993 adhuc
1504 1935 1868 2006 peregrinatur
1892 1935 1943 1986 in
1976 1933 2094 1987 inll-

541 2034 663 2098 mis,
705 2033 892 2102 partim
941 2032 993 2085 in
1020 2041 1218 2084 acterna
1277 2031 1440 2097 patria
1498 2036 1684 2098 regnat
1711 2027 1764 2080 in
1823 2025 2092 2095 supernis,

538 2123 712 2189 adhuc
759 2123 905 2178 cives
936 2136 1064 2177 suos
1113 2121 1390 2175 dirimente
1438 2119 1557 2174 velo
1585 2118 1706 2174 cm'i
1739 2117 1896 2172 habet
1926 2116 1992 2169 ab
2018 2115 2094 2166 in-

549 2217 717 2270 ticem
745 2226 1066 2283 segregatos.

612 2308 773 2362 Penes
801 2317 847 2359 et
870 2306 1270 2374 propitiatorium
1299 2319 1447 2375 super
1467 2319 1636 2355 arcam
1661 2299 1952 2362 testimonii,
1985 2309 2090 2353 etc.

541 2403 676 2465 Apte
721 2395 1135 2467 propitiatorium
1184 2411 1342 2461 super
1387 2408 1560 2448 arcam
1595 2393 1819 2461 positum
1855 2403 1975 2443 esse
2016 2387 2099 2441 di-

543 2490 706 2552 citur;
740 2487 858 2554 quia
883 2487 992 2554 ipsc
1015 2485 1272 2540 mediator
1305 2485 1393 2538 Dei
1415 2493 1467 2537 et
1498 2483 1767 2536 hominum
1796 2478 2099 2544 soccialiter

542 2593 571 2631 a
617 2577 725 2633 Deo
753 2577 910 2632 Patre
955 2577 1179 2630 donatus
1227 2584 1333 2638 est,
1381 2584 1436 2626 nt
1481 2581 1625 2626 esset
1672 2568 1974 2638 propitiatio
2004 2579 2098 2635 pro

548 2667 779 2735 teccatis
823 2659 1036 2722 ttostris.
1082 2666 1232 2720 Unde
1281 2666 1440 2718 etiam
1487 2661 1675 2715 Paulus
1720 2659 1841 2712 dicit
1888 2675 1901 2713 :
1942 2657 2098 2711 Jesns

544 2758 810 2822 Christus,
838 2758 925 2826 qui
950 2772 1186 2810 ιιιοι-;ιιιι·ι
1209 2765 1310 2816 est,
1343 2753 1449 2808 imo
1474 2753 1558 2821 qui
1585 2761 1638 2806 et
1669 2744 1978 2812 resurrexit,
2009 2749 2097 2816 qui

543 2858 626 2903 est
651 2849 716 2901 ad
746 2849 1013 2901 dexteram
1037 2845 1151 2909 Dei,
1185 2846 1270 2914 qui
1300 2845 1457 2898 etiam
1488 2843 1788 2909 interpellat
1814 2858 1905 2907 pro
1926 2839 2096 2892 nobis.

615 2936 939 2998 ﬂentumque
962 2945 1102 2989 extra
1132 2935 1312 2997 velut»,
1337 2943 1381 2984 et
1410 2943 1584 2984 contra
1612 2947 1831 2984 mensam
1861 2929 2101 2982 candela-

544 3029 721 3089 brum,
745 3040 846 3080 etc.
882 3025 1054 3079 Mensa
1084 3039 1131 3078 e:
1165 3023 1536 3078 candelabrum
1572 3020 1918 3085 tabernaculi,
1959 3029 2099 3073 tem-

548 3118 743 3187 poralia
778 3116 867 3171 Dei
903 3115 1153 3169 beneiiiia
1192 3114 1509 3182 designant,
1548 3113 1739 3181 quibus
1772 3112 1822 3164 itt
1855 3110 2099 3177 praesenti

549 3208 818 3262 t-elicimur
845 3214 898 3258 et
926 3205 1299 3267 illumiuamnr,
1334 3203 1488 3256 ut'bis
1511 3202 1720 3256 interim
1746 3200 2026 3255 confortati
2050 3209 2102 3254 et

551 3294 716 3363 adjuti
745 3302 1018 3346 crescente
1057 3291 1222 3360 gratia
1263 3296 1568 3346 meritorum
1595 3330 1610 3355 ,
1641 3291 1704 3344 ad
1736 3305 1921 3359 panem
1945 3305 2104 3360 ange-

555 3390 723 3442 lorum
755 3385 805 3439 in
846 3385 994 3440 caelis
1024 3384 1445 3439 manducandum
1475 3425 1491 3450 ,
1522 3393 1573 3438 et
1601 3384 1666 3439 ad
1707 3384 1984 3437 videndam
2013 3398 2103 3440 re-

549 3493 660 3530 ram
694 3476 868 3530 mundi
899 3478 1062 3532 lucem
1091 3478 1287 3530 intrare
1320 3478 1605 3531 valeamus.
1641 3476 1768 3542 Quae
1798 3486 1919 3529 sunt
1948 3476 2104 3528 ambo

551 3576 699 3621 extra
730 3570 934 3630 velum;
976 3568 1222 3635 quoniam
1254 3568 1304 3618 in
1351 3568 1449 3620 hac
1486 3565 1819 3620 solummodo
1849 3567 1951 3619 vita
1980 3609 1993 3631 ,
2023 3565 2102 3621 vel

555 3655 838 3725 Scripturis
869 3656 1063 3710 sanctis
1094 3671 1154 3709 ac
1183 3657 1483 3709 amtoribus
1510 3696 1524 3719 ,
1558 3660 1639 3711 vel
1668 3657 1871 3712 ca-teris
1900 3657 2104 3711 redem-

553 3751 747 3820 ptionis
775 3763 967 3804 uestra:
994 3749 1340 3804 sacramentis
1366 3763 1498 3816 opus
1523 3748 1776 3801 lr-bemus
1811 3767 1821 3800 :
1855 3749 1905 3801 in
1935 3749 2106 3802 futuro

550 3849 725 3894 autem
755 3840 948 3894 satrulo
972 3877 989 3904 ,
1021 3841 1106 3892 ubi
1142 3841 1393 3893 Dominus
1425 3839 1595 3908 palam
1626 3838 1692 3891 de
1723 3838 1873 3892 Patre
1904 3853 2106 3895 annum

551 3934 701 3987 tiahit
745 3933 919 3996 nobis,
952 3933 1016 4006 id
1063 3941 1145 3986 est
1190 3935 1356 3999 palam
1403 3933 1606 3985 Patrem
1646 3932 1890 3986 ostendet
1933 3935 2106 3998 nobis,

552 4037 603 4074 et
654 4024 739 4077 ubi
770 4064 785 4087 ,
837 4026 971 4077 sient
1000 4022 1229 4086 Juatutes
1256 4025 1366 4087 ait,
1421 4025 1691 4097 ridebimus
1734 4040 1843 4076 eum
1882 4024 2008 4076 sicut
2039 4033 2109 4078 est

554 4113 614 4183 (1
657 4112 812 4167 Joan.
863 4115 979 4183 ut);
1035 4131 1136 4168 non
1183 4115 1291 4182 jam
1340 4129 1473 4183 Opus
1510 4116 1610 4168 erit
1663 4125 1883 4169 externo
1926 4115 2108 4169 salutis

552 4207 912 4275 adminiculo,
968 4223 1086 4261 cum
1135 4207 1432 4262 inhabitans
1477 4209 1527 4259 in
1573 4208 1755 4261 electis
1803 4208 1914 4260 suis
1971 4206 2110 4261 Deus

550 4303 883 4367 ontoipntens
927 4300 1148 4352 interius
1176 4342 1190 4365 ,
1231 4300 1365 4352 sicut
1389 4301 1472 4351 lux
1500 4299 1617 4350 vitae
1648 4299 1875 4351 illustrat
1902 4340 1918 4363 ,
1958 4309 2011 4352 et
2036 4298 2110 4352 si-

553 4399 640 4441 cut
665 4390 811 4456 panis
854 4388 969 4440 \‘itte
992 4389 1143 4439 satiat
1169 4429 1184 4454 ,
1228 4401 1361 4454 quos
1391 4389 1736 4439 introducens
1767 4387 1819 4438 in
1859 4389 2106 4454 gaudium

2132 575 2134 578 ’
2177 583 2323 624 cans.

2725 617 2735 628 ’
2789 636 3133 695 CAPUTIX.

2287 748 2515 802 Tentorii
2544 749 2596 802 in
2619 748 2824 802 introitu
2864 749 3176 802 tabernaculi
3197 758 3244 802 et
3272 751 3650 804 eolasstnmsn

2315 835 2318 840 ·
2736 820 2847 887 ejus
2881 819 3165 882 descriptio.

2256 926 2435 981 Facies
2478 934 2525 980 et
2565 928 2839 980 tentorium
2889 927 2940 980 in
2981 929 3188 981 introitu
3240 928 3605 989 tabernarm’i,
3644 938 3733 980 etc.

2187 1017 2402 1085 Expleta
2451 1018 2750 1076 narratione
2791 1017 2860 1072 de
2906 1019 3044 1084 velo,
3091 1018 3230 1086 quod
3280 1019 3655 1072 sanctuarious
3694 1030 3740 1071 et

2184 1109 2463 1162 sanctuarii
2511 1110 2805 1163 sanctuaria
2848 1109 3140 1173 dividebat,
3188 1109 3328 1163 redit
3373 1124 3654 1179 exponere
3683 1109 3740 1162 de

2186 1198 2422 1253 orientali
2447 1198 2609 1252 latere
2633 1198 2937 1268 sanctuarii,
2969 1198 3105 1264 quod
3128 1197 3485 1251 intermisisse
3512 1197 3582 1248 ad
3618 1207 3739 1249 tem-

2189 1305 2284 1356 pus
2313 1288 2618 1351 ridebatur,
2656 1303 2776 1342 cum
2805 1297 2993 1342 caetera
3023 1286 3143 1356 ejus
3182 1289 3370 1350 latera,
3405 1285 3652 1340 australe
3677 1285 3742 1336 vi-

2187 1379 2409 1445 delicet,
2443 1378 2854 1448 septentrionale
2872 1417 2888 1442 ,
2914 1387 2968 1431 et
2996 1377 3328 1442 occidentale
3357 1417 3372 1440 ,
3393 1377 3744 1430 describeret.

2190 1470 2495 1526 Tentnrlum
2539 1485 2664 1535 ergo
2698 1471 2750 1521 in
2795 1468 3009 1521 introitu
3040 1467 3363 1522 tabernaculi
3393 1467 3628 1536 pulchra
3658 1480 3746 1519 co-

2191 1551 2359 1616 lorum
2414 1560 2666 1612 varietate
2719 1567 3020 1612 contextum
3050 1596 3066 1620 ,
3115 1545 3391 1626 primitivis
3446 1566 3537 1612 est.
3571 1552 3750 1610 deum

2193 1651 2462 1712 Ecclesiae,
2502 1651 2726 1704 divnrsis
2759 1649 3005 1703 virtutum
3044 1649 3261 1703 ﬂoribus
3297 1647 3605 1719 gloriﬁcent
3643 1667 3657 1702 :
3689 1649 3750 1701 de

2193 1742 2381 1812 quibus
2425 1741 2609 1796 scribit
2651 1739 2819 1794 Lucas
2848 1755 2861 1792 :
2889 1739 3024 1804 Quia
3063 1739 3400 1794 multitudinis
3438 1739 3753 1792 credenti-II

2170 1841 2300 1901 ,σοι
2327 1847 2414 1884 cor
2438 1847 2590 1883 unum
2627 1838 2674 1882 et
2707 1830 2875 1883 anima
2914 1846 3016 1884 una
3039 1870 3055 1892 ,
3077 1839 3126 1884 et
3154 1846 3256 1883 non
3274 1839 3384 1883 erat
3410 1829 3685 1898 separatio
3709 1830 3756 1880 i-

2194 1923 2264 1976 eis
2292 1923 2430 1985 ulla;
2462 1925 2550 1974 nec
2575 1923 2834 1989 quicquam
2875 1925 3049 1976 earinis
3075 1937 3187 1989 qtae
3207 1921 3532 1988 possidebat,
3560 1922 3756 1988 aliquid

2195 2031 2342 2067 suum
2381 2031 2486 2066 esse
2522 2015 2754 2078 dicebat,
2781 2026 2884 2068 etc.
2918 2016 3052 2079 (Aet.
3087 2011 3179 2080 tv).
3221 2010 3395 2066 Inerat
3435 1996 3678 2080 namque
3713 2013 3759 2065 ei

2199 2104 2529 2172 hyacinthus,
2565 2105 2686 2174 quia
2717 2103 2953 2159 celestis
2983 2104 3236 2174 ca‘gitare,
3265 2103 3548 2179 ctelestetu
3577 2103 3636 2156 in
3671 2113 3760 2157 ter-

2198 2197 2272 2249 ris
2300 2198 2454 2249 vitam
2484 2195 2677 2248 ducere
2713 2196 2934 2250 solebat.
2959 2196 3129 2248 Inerat
3161 2209 3389 2263 purpura
3411 2238 3424 2258 ,
3459 2197 3591 2264 quia
3628 2196 3758 2249 Dori

2197 2296 2309 2341 erat
2334 2295 2510 2352 parata
2553 2301 2646 2355 pro
2675 2286 2910 2345 Christo.
2957 2287 3129 2340 Inerat
3167 2301 3356 2338 coccus
3397 2286 3482 2338 bis
3517 2289 3756 2350 tinctus;

2198 2378 2317 2446 quia
2353 2379 2444 2432 Dei
2491 2388 2545 2432 et
2593 2379 2812 2445 proximi
2853 2378 3136 2434 dilectione
3182 2378 3457 2447 ﬂagrabat.
3505 2378 3688 2434 luerat
3712 2391 3761 2433 et

2199 2469 2389 2538 byssus
2429 2455 2660 2534 retorta;
2695 2467 2814 2536 quia
2855 2470 3174 2523 continentia
3211 2469 3388 2522 carnis
3420 2478 3480 2524 et
3519 2471 3761 2526 castitate

2199 2559 2478 2626 gaudebat.
2633 2553 2647 2564 ’

2275 2651 2339 2704 Et
2367 2653 2584 2724 quinque
2608 2654 2862 2707 columnas
2890 2652 3155 2706 denarabis
3181 2654 3432 2724 lignorum
3459 2654 3635 2716 setius,
3658 2663 3757 2708 etc.

2199 2743 2472 2797 Columna:
2515 2744 2707 2811 quibus
2755 2744 3038 2797 tentorium
3084 2743 3543 2822 suspepdebatur,
3589 2745 3758 2798 sancti

2199 2845 2322 2888 sunt
2349 2835 2615 2897 doctores,
2644 2834 2710 2888 de
2737 2834 2927 2903 quibus
2951 2835 3114 2889 Lucas
3138 2842 3542 2900 consequenter
3565 2832 3757 2902 adjun-

2201 2924 2276 2993 git
2304 2942 2315 2975 :
2353 2921 2416 2975 Et
2446 2925 2624 2976 virtute
2655 2940 2836 2993 magna
2873 2921 3147 2975 reddebant
3173 2923 3393 2988 apostoli
3421 2923 3760 2976 testimonia:

2202 3015 2580 3067 resurrectionis
2629 3013 2754 3066 Jesu
2803 3012 2986 3067 Christi
3038 3012 3239 3065 Domini
3288 3013 3456 3065 nostri
3511 3013 3696 3083 (Ibid.
3724 3015 3756 3078 ).

2207 3103 2446 3172 Quorum
2479 3121 2625 3159 mens
2649 3115 2842 3173 quanto
2872 3106 3134 3158 robustius
3155 3106 3266 3170 ipsa
3297 3104 3364 3157 ad
3399 3119 3631 3173 superna
3661 3107 3760 3161 crio

2206 3201 2363 3268 gitur,
2399 3206 2543 3250 tanto
2567 3199 2766 3250 lirmius
2789 3196 3049 3258 docendo,
3081 3206 3134 3250 et
3161 3197 3292 3250 alios
3324 3197 3390 3249 ad
3419 3211 3663 3254 artiorem
3688 3214 3762 3252 suo

2205 3303 2485 3356 pt't‘ttttt'lllll
2529 3287 2719 3342 sulﬁcit
2761 3287 3017 3341 attollere.
3072 3287 3224 3341 Sicut
3265 3286 3409 3341 enim
3452 3273 3764 3353 apostoli—et

2202 3379 2478 3448 apostolici
2509 3379 2604 3431 viri
2647 3393 2740 3444 per
2778 3376 2979 3430 tabulas
3026 3387 3248 3444 possunt
3287 3387 3433 3429 recte
3474 3375 3762 3446 designari,

2206 3479 2419 3538 propter
2463 3467 2786 3521 latitudinem
2835 3465 2916 3519 vel
2965 3465 3280 3530 doctrinam,
3324 3480 3432 3534 qua
3482 3478 3676 3520 euntes
3711 3468 3759 3520 in

2205 3560 2451 3614 nnnnlum
2514 3560 2811 3612 universum
2868 3555 3150 3624 pr.cdicant
3212 3556 3566 3623 Evangelium
3616 3556 3755 3609 οωιί

2202 3664 2500 3716 creatum;
2549 3649 2626 3702 vel
2667 3647 2914 3710 cbaritas,
2961 3662 3112 3714 quam
3146 3661 3249 3700 neu
3277 3645 3450 3699 solum
3479 3661 3651 3714 usque
3697 3647 3756 3697 ad

2204 3743 2422 3803 amicos,
2471 3741 2564 3792 sed
2595 3753 2758 3806 usque
2791 3737 2856 3792 ad
2887 3735 3180 3804 diligendus
3207 3736 3366 3790 etiam
3397 3735 3550 3801 ipsos
3584 3745 3762 3788 exten-

2204 3834 2333 3884 dunt
2354 3830 2622 3893 inimicos;
2645 3839 2698 3882 et
2717 3828 3040 3882 orationibus
3061 3842 3123 3880 ac
3141 3827 3410 3879 beneﬁciis
3432 3837 3760 3894 prosequen-

2205 3923 2300 3975 dos
2330 3936 2442 3983 eos,
2474 3923 2558 3988 qui
2587 3936 2642 3972 se
2670 3920 2792 3972 odio
2821 3919 3010 3972 trahent
3037 3935 3048 3969 :
3089 3917 3157 3968 ita
3185 3915 3343 3968 etiam
3375 3922 3602 3982 propter
3622 3916 3765 3969 inex-

2209 4010 2484 4080 pugnabile
2519 4009 2680 4061 rnlmr
2707 4008 2900 4070 eurdis,
2938 4015 2992 4059 et
3022 4005 3366 4058 intentionem
3412 4003 3478 4058 ad
3527 4007 3763 4060 celestis

2207 4117 2415 4170 semper
2442 4112 2692 4164 erectam,
2728 4116 2837 4152 non
2857 4098 3287 4152 inconvenienter
3312 4097 3579 4152 vocabulo
3617 4111 3670 4153 et
3701 4099 3767 4152 la-

2209 4205 2353 4248 ctura
2385 4193 2747 4246 columnarum
2801 4189 3112 4258 figurantur,
3162 4189 3419 4252 Apostolo
3457 4199 3761 4254 attestante,

2209 4285 2293 4353 qui
2326 4286 2393 4335 ait
2419 4302 2429 4335 :
2461 4281 2704 4342 Iacobus,
2749 4278 2963 4350 Cephea,
2991 4291 3038 4334 et
3064 4280 3311 4344 Joannes,
3357 4283 3446 4344 qui
3473 4281 3768 4334 uidebatur

2211 4377 2458 4428 columnae
2485 4388 2588 4426 esse
2606 4371 2746 4441 (Gul.
2779 4370 2861 4440 tt).
2911 4371 3039 4437 Qua:
3067 4370 3314 4423 nimirum
3341 4364 3766 4426 columnaebene

553 4481 699 4549 regni
732 4481 812 4532 sui
845 4488 1094 4548 perpetua
1123 4477 1448 4532 beatitudine
1470 4476 1739 4532 sublimat.
1774 4478 2008 4532 Diximus
2027 4495 2100 4534 aut

2213 4465 2443 4534 quinque
2470 4474 2590 4516 sunt
2623 4462 2772 4516 tacite
2804 4470 3017 4529 propter
3040 4457 3254 4512 totidem
3281 4457 3446 4510 libros
3469 4457 3634 4528 legis,
3663 4460 3768 4526 qui-

558 4587 659 4627 tem
687 4589 840 4640 supra
871 4569 1035 4640 ,‘quia
1081 4573 1215 4625 latus
1247 4570 1568 4626 tabernaculi
1602 4570 1948 4624 meridianum
1976 4574 2098 4624 anti-

556 4681 711 4732 quam
742 4666 831 4718 Dei
862 4665 1066 4729 plebem
1097 4664 1440 4731 signiﬁcaret,
1477 4680 1591 4730 qum
1618 4665 1761 4730 prior
1785 4665 1950 4717 lucem
1983 4663 2106 4724 divi,-

559 4773 638 4808 nte
659 4755 1008 4823 cognitionis,
1028 4754 1392 4822 {erroremque
1420 4755 1612 4808 divina:
1635 4753 1938 4806 dilectionis
1965 4768 2106 4806 acce-

561 4847 631 4910 pit
662 4861 673 4896 :
709 4860 829 4909 pars
873 4859 998 4896 vero
1025 4846 1448 4912 septentritmalis
1475 4843 1707 4912 ejusdem
1739 4844 2059 4897 tabernaculi
2088 4883 2105 4908 ,

558 4943 928 5002 congregatum
957 4935 1021 4986 de
1048 4935 1287 5000 gentibus
1321 4936 1606 4988 Ecclesiam
1627 4975 1641 4996 ,
1679 4950 1793 5000 quin
1833 4935 2027 4989 diutius
2056 4935 2109 4988 in

562 5025 792 5079 tenebris
820 5033 872 5076 et
904 5025 952 5074 in
984 5025 1165 5076 mnbra
1208 5025 1391 5076 mortis
1432 5033 1755 5076 remanserat
1779 5063 1792 5084 ,
1827 5024 2104 5078 indicaret.

564 5117 710 5171 Unde
740 5125 881 5168 recta
902 5111 1236 5165 distinctione
1261 5113 1415 5165 etiam
1442 5113 1812 5169 candelabrum
1841 5155 1854 5177 ,
1887 5114 2023 5180 quod
2059 5116 2108 5166 in

564 5219 711 5275 parte
740 5205 954 5259 australi
986 5193 1301 5267 colloi'atur,
1336 5213 1502 5271 potest
1529 5205 1771 5272 gratiam,
1800 5220 1915 5271 quae
1946 5205 2107 5270 priori

562 5301 750 5366 populo
775 5298 894 5351 data
921 5307 1020 5361 est,
1048 5297 1309 5349 insinuare
1338 5310 1353 5358 ;
1389 5286 1565 5348 mensa
1595 5311 1862 5364 veroquam
1884 5293 1934 5346 in
1961 5303 2107 5358 parte

564 5391 821 5460 aquil0nis
854 5390 1025 5441 stabat
1048 5428 1062 5449 .
1095 5404 1152 5440 ea
1182 5403 1297 5455 qius:
1324 5384 1473 5439 nobis
1504 5395 1625 5436 sunt
1651 5385 1863 5446 donata,
1899 5383 1988 5435 Dei
2022 5385 2112 5434 be-

561 5480 745 5535 nellcia
787 5479 1080 5546 designare.
1134 5478 1294 5531 Recte
1332 5475 1700 5530 candelabrum
1741 5484 1920 5528 contra
1965 5489 2111 5530 men-

563 5585 673 5621 sam
720 5568 942 5635 positum
969 5581 1086 5619 esse
1113 5568 1335 5630 dicitur,
1379 5566 1496 5634 quia
1545 5564 1788 5616 nimirum
1835 5565 2110 5630 Scriptura

571 5660 696 5726 legis
727 5671 776 5713 et
814 5659 1181 5728 prephetarum
1215 5673 1306 5723 per
1336 5660 1510 5710 omnia
1543 5657 1606 5708 ad
1636 5657 1856 5724 gratiam
1881 5667 2110 5722 evangc-
2169 5713 2172 5716 ,

567 5747 628 5800 lii
659 5749 900 5815 respicit;
930 5745 1047 5800 huic
1073 5745 1312 5800 videlicet
1339 5744 1694 5801 testimonium
1727 5742 2029 5813 pcrbibcns,
2062 5753 2115 5798 ct

2209 4560 2303 4611 bus
2335 4571 2550 4611 necesse
2579 4565 2659 4609 est
2688 4563 2744 4606 ut
2769 4551 2940 4620 sancti
2968 4550 3214 4603 doctores
3242 4563 3353 4602 sua
3376 4550 3543 4605 verbo
3574 4552 3764 4616 pradi-

2209 4649 2429 4701 cationis
2457 4644 2841 4705 conmiuniant,
2883 4651 2938 4696 et
2963 4642 3187 4694 maxime
3214 4642 3302 4709 qui
3334 4642 3667 4710 pt-imitivam
3693 4642 3766 4692 in-

2209 4738 2427 4790 stituere
2452 4736 2758 4796 Ecclesiam,
2790 4747 2905 4800 quae
2936 4748 2998 4786 ex
3032 4730 3367 4786 llebrazorum
3406 4732 3610 4801 populo
3637 4745 3758 4783 con-

2209 4838 2440 4898 gregum,
2489 4829 2600 4882 sitia
2632 4825 2874 4880 Mosaicae
2921 4823 3049 4893 legis
3077 4825 3392 4878 auctoritate
3433 4822 3650 4875 noverit
3690 4822 3764 4875 ia-

2210 4922 2354 4974 stitui
2386 4962 2401 4987 ,
2451 4936 2567 4974 cum
2617 4918 2839 4973 necdum
2886 4915 3186 4984 evangelica
3231 4922 3286 4967 et
3331 4911 3632 4975 apostolica
3679 4929 3766 4978 per

2210 5016 2392 5072 orbem
2434 5013 2703 5080 Scriptura
2735 5008 3022 5078 ell’ulgeret.
3075 5007 3214 5058 Bene
3241 5013 3419 5053 autem
3445 5003 3656 5057 erdem
3677 5019 3763 5057 co-

2212 5091 2405 5159 lumnae
2435 5105 2498 5157 de
2531 5103 2684 5170 lignis
2714 5101 2864 5154 setint
2895 5098 3106 5166 quidem
3155 5093 3265 5146 ﬁeri
3294 5093 3386 5146 sed
3415 5107 3552 5146 auro
3575 5093 3762 5162 juben-

2212 5210 2292 5249 tur
2337 5195 2551 5263 operiri,
2595 5202 2653 5246 ut
2697 5193 3022 5245 insinuentur
3067 5185 3447 5252 praedicatores
3490 5187 3686 5248 sancti,
3715 5193 3762 5235 ct

2211 5287 2514 5338 inﬁrmitate
2551 5283 2728 5338 cordis
2772 5285 2910 5334 intus
2950 5276 3169 5344 integri,
3199 5287 3358 5342 atque
3403 5278 3455 5327 in
3505 5272 3762 5327 nullodu-

2218 5363 2469 5433 licletites.
2503 5381 2554 5424 et
2583 5385 2799 5437 operum
2829 5367 3061 5419 claritate
3091 5366 3384 5418 forinsecus
3412 5377 3534 5418 esse
3569 5363 3764 5416 debet!

2214 5465 2503 5533 ethpicui.
2551 5462 2640 5515 Vel
2671 5469 2812 5514 certe
2863 5457 3119 5510 columnae
3165 5457 3428 5525 lignorum
3471 5454 3633 5508 setius
3671 5453 3761 5506 de-

2213 5568 2489 5617 aurantnr,
2558 5569 2676 5606 cum
2736 5549 2892 5602 iidem
2945 5548 3187 5601 doctores
3243 5543 3613 5600 lenitudinem
3659 5554 3764 5596 sua

2216 5647 2434 5701 actionis
2474 5646 2650 5700 divino
2699 5657 2906 5710 setnper
2951 5638 3214 5709 adiutorio
3263 5634 3649 5706 protegenda
3677 5633 3764 5686 do~

2217 5753 2356 5806 cent,
2399 5755 2524 5792 cum
2559 5739 2609 5789 itt
2648 5735 2887 5790 omnibus
2917 5749 3032 5804 qua:
3065 5729 3290 5794 faciunt,
3323 5725 3544 5795 gloriam
3577 5721 3762 5786 Patris,
