3898 6260
170 399 277 456 ll‘)

1043 396 1129 450 DE
1168 392 1662 451 TAIlEllNACULO
1704 391 1789 446 ET
1835 390 2023 448 VASIS
2064 389 2226 446 ΕΗΒ
2263 390 2388 445 LIB.
2433 390 2510 452 Il.

3254 396 3358 450 450

167 510 260 578 qui
302 517 384 563 est
420 510 470 562 in
499 509 668 571 cmlis,
699 507 1001 575 requiram;
1050 521 1169 559 eum
1217 505 1268 558 in
1316 503 1571 556 universis
1599 515 1716 570 qua:
1747 505 1791 561 Α
1821 499 2112 555 credendus
2137 511 2244 562 est,
2277 501 2445 569 capite
2475 509 2694 568 utroque
2726 501 2943 555 ﬁrmiter
2962 501 3157 557 tabulis
3184 504 3357 574 impn-

171 601 478 668 loquuntur,
507 599 774 650 Christum
804 610 993 649 sonare
1021 594 1268 665 gaudent,
1297 594 1534 645 dicentes
1559 606 1572 641 :
1597 589 1717 642 Non
1750 645 1753 648 ,

169 689 307 742 enim
352 688 677 755 nostrietipsos
718 686 1082 754 pradicamus,
1135 682 1224 736 sed
1253 679 1424 735 Iesum
1463 680 1716 732 (.Itristum

170 778 445 832 Dominum
478 787 704 832 nostrum
739 772 827 827 tl!
857 773 978 827 Cor.
1009 774 1084 839 ιν).
1117 771 1187 826 lle
1214 772 1405 840 quibus
1433 778 1553 838 apte
1582 769 1711 822 sub-

166 870 343 921 alitur:

247 959 466 1021 Quarum
504 962 647 1006 erunt
686 952 851 1021 capita
886 966 1057 1012 aurea,
1092 960 1138 1004 et
1162 950 1299 1004 bases
1330 963 1502 1003 ωηατ.
1545 949 1715 1001 Aurea

165 1050 367 1115 quippe
415 1046 588 1109 capita
617 1044 761 1098 illum
791 1042 1087 1108 designant,
1117 1041 1184 1094 de
1209 1057 1314 1108 quo
1341 1026 1467 1095 dicit
1491 1044 1718 1107 Aposto-

166 1121 257 1190 lus
283 1152 297 1189 :
323 1134 386 1188 Et
417 1136 584 1188 omnia
615 1142 841 1202 constant
874 1133 926 1184 in
960 1135 1090 1199 ipso,
1121 1140 1166 1184 et
1195 1133 1300 1197 ipse
1328 1139 1399 1182 est
1429 1137 1581 1195 caput
1607 1143 1719 1180 ror-

166 1228 310 1295 poris
339 1225 592 1290 Ecclesia,
625 1225 711 1292 qui
745 1232 816 1276 est
845 1222 1147 1290 principium
1184 1230 1229 1273 et
1264 1220 1620 1290 primogenita:
1653 1232 1718 1271 ex

166 1317 382 1369 mortuis
429 1313 559 1385 (Col.
592 1313 653 1384 ι).
705 1312 888 1380 Neque
940 1312 1286 1379 incongruum
1339 1309 1576 1361 videatur
1622 1323 1717 1375 per

163 1403 402 1472 ipiinque
443 1401 610 1470 capita
658 1401 1043 1463 columnarum,
1078 1412 1241 1452 unum
1283 1410 1437 1465 caput
1462 1397 1715 1450 Ecclesia:

163 1494 435 1546 Christum
485 1493 726 1562 ﬁgurari;
758 1499 834 1545 tot
873 1492 1012 1544 enim
1056 1491 1197 1543 luere
1238 1489 1428 1556 capita,
1471 1497 1596 1556 quot
1626 1502 1716 1542 co-

163 1566 540 1653 lunuuetquia
589 1563 837 1637 nimirum
867 1585 1002 1636 idem
1044 1583 1154 1650 ipse
1185 1579 1432 1635 Dominus
1477 1574 1716 1634 Christus

162 1676 400 1729 onniinm
442 1684 747 1728 sanctorum
790 1683 948 1740 caput
998 1672 1201 1736 canini
1241 1684 1298 1725 se
1339 1669 1550 1738 quidem
1603 1672 1716 1737 ipso

164 1782 407 1831 manens,
438 1782 646 1836 semper
672 1767 890 1834 aequalis
912 1776 1068 1834 atque
1107 1763 1455 1828 indivisibilis,
1484 1763 1576 1818 sed
1607 1763 1716 1815 sin-

1815 591 1965 658 siius,
2015 600 2071 644 ut
2101 606 2192 658 per
2229 591 2327 645 hoc
2351 599 2406 644 et
2443 602 2502 642 ea
2549 591 2862 644 tabernaculi
2891 593 3061 660 plaga,
3110 610 3228 662 qua:
3255 613 3361 650 non

1818 681 2030 746 tabulis,
2056 683 2148 735 sed
2175 681 2430 736 columnis
2451 681 2744 745 constabat,
2764 697 2868 735 non
2887 683 3056 735 minus
3084 685 3182 737 lixa
3203 700 3357 753 quatit

1815 778 2040 835 etatem,
2076 779 2239 824 vento
2281 770 2401 822 licet
2451 771 2773 837 impellente,
2822 773 3144 836 persisteret.
3197 772 3359 841 Cujus

1817 861 1947 911 veCIi
1992 860 2035 912 si
2079 862 2234 913 etiam
2275 871 2660 914 sacramentum
2703 862 2836 915 scire
2864 861 3151 925 desideras,
3186 865 3353 932 ipsum

1815 948 2012 1017 absque
2046 950 2186 1003 omni
2225 949 2563 1017 ambiguitate
2590 951 2993 1017 [{eilemptorein
3038 963 3269 1007 nostrum
3301 954 3363 1007 ﬁ-

1815 1050 1998 1107 gurate
2028 1040 2297 1093 denuntiat
2322 1057 2335 1091 :
2359 1042 2444 1106 qui
2481 1042 2627 1109 quasi
2655 1042 2720 1094 ab
2749 1043 2939 1110 angulo
2971 1059 3136 1111 usque
3172 1046 3236 1098 ad
3266 1061 3358 1098 an-

1815 1132 1992 1199 gulum
2023 1133 2284 1197 pervenit;
2329 1134 2446 1198 quia
2489 1147 2516 1184 a
2560 1132 2709 1198 plebe
2736 1133 2970 1197 Judaicr,
3018 1152 3173 1204 quam
3216 1140 3361 1204 prius

1817 1219 1994 1287 elegit,
2031 1234 2150 1272 sese
2179 1219 2241 1272 ad
2272 1220 2574 1273 salvandam
2613 1221 2768 1274 etiam
2802 1223 3037 1290 gentium
3071 1226 3364 1280 multitudi-

1817 1325 1934 1364 nem
1964 1299 2270 1379 propitiatus
2299 1313 2554 1366 extendit.
2589 1312 2736 1367 Unde
2765 1315 2974 1378 merito,
2998 1315 3126 1367 sicut
3158 1317 3207 1368 in
3239 1333 3359 1384 pro-

1819 1403 1986 1468 phetis
2025 1403 2156 1468 lapis
2194 1404 2490 1470 angularis,
2533 1403 2602 1455 ita
2633 1404 2788 1456 etiam
2830 1404 2880 1456 in
2913 1404 3028 1473 lege
3058 1407 3218 1458 veCtis
3266 1422 3358 1459 an-

1817 1490 2010 1559 gularis
2051 1500 2221 1560 potest
2267 1502 2406 1546 recte
2445 1500 2734 1563 nuncupari
2779 1493 2926 1564 (Esa.
2953 1497 3164 1562 sum).
3207 1498 3359 1566 Lapis

1818 1580 2058 1635 videlicet
2084 1581 2373 1649 angularis,
2408 1592 2622 1650 propter
2651 1586 2927 1650 templum,
2954 1587 3090 1652 quod
3131 1587 3195 1640 de
3233 1588 3360 1654 lapi-

1816 1669 1968 1723 dibus
2009 1672 2140 1725 vivis
2181 1673 2285 1726 Deo
2315 1673 2667 1737 construitur;
2705 1676 2862 1727 νθειίς
2905 1690 3029 1728 vero
3073 1678 3357 1744 angularia,

1819 1771 2029 1829 propter
2065 1761 2479 1824 tabernaculum,
2509 1765 2647 1832 quod
2675 1765 2719 1816 ei
2752 1766 2818 1818 de
2847 1765 2997 1833 lignis
3025 1766 3360 1833 itnp.itribili-

160 1856 301 1927 gulis
329 1859 620 1927 quibusque
655 1858 840 1912 electis
881 1857 1103 1925 gratiam
1132 1859 1208 1910 sui
1236 1855 1458 1922 Spiritus
1485 1869 1578 1922 pro
1624 1868 1711 1907 ac—
1749 1860 1789 1918 Β
1819 1853 1934 1916 laus,
1963 1852 2060 1904 hoc
2080 1861 2162 1904 est
2182 1854 2246 1906 de
2269 1853 2543 1906 animabus
2567 1855 2847 1908 electorum
2871 1871 3042 1921 corrui
3062 1857 3219 1910 tionis
3247 1858 3361 1912 labe

161 1947 470 2013 ciptentium
521 1949 812 2015 capacitate
855 1947 1116 2000 dividens.
1179 1946 1330 2000 Unde
1385 1959 1492 1999 non
1525 1946 1710 2000 .solum

161 2039 309 2092 omni
346 2038 666 2107 generaliter
691 2036 959 2102 Ecclesiae,
987 2051 1165 2092 verum
1205 2037 1362 2091 etiam
1415 2035 1713 2104 specialiter

165 2127 452 2195 unicuique
481 2127 836 2180 membrorum
875 2125 1011 2195 ejus,
1042 2125 1165 2179 licet
1193 2124 1319 2178 illud
1353 2123 1710 2191 propheticum

162 2229 288 2270 cum
331 2208 514 2270 ﬁducia
557 2218 920 2284 proclamare:
956 2213 1106 2268 Nunc
1149 2224 1315 2267 autem
1353 2213 1584 2267 exultavit
1627 2229 1714 2266 ca-

163 2304 259 2374 put
287 2319 447 2361 meum
472 2320 619 2374 super
644 2305 872 2358 inimicos
911 2320 1041 2358 meos
1084 2303 1300 2374 (Psalm.
1330 2307 1504 2373 sava).
1553 2302 1714 2369 Cujus

164 2394 412 2449 nimirum
460 2394 647 2463 capitis
689 2393 1053 2465 signiﬁcantia:
1094 2394 1342 2448 convenit
1383 2402 1524 2464 apte,
1571 2394 1708 2462 quod

62 2542 83 2556 ν
162 2485 353 2538 eadem
377 2486 544 2552 capita
566 2483 929 2537 columnarum
958 2497 1060 2536 non
1084 2482 1355 2546 deaurata,
1380 2491 1435 2535 nt
1456 2484 1713 2536 columna:

165 2583 220 2628 et
249 2575 456 2638 tabulae,
478 2574 568 2627 scd
600 2588 757 2627 aurea
788 2573 902 2626 ﬁeri
924 2573 1209 2642 iubentur:
1235 2574 1353 2642 quia
1383 2576 1568 2628 sancti
1594 2575 1711 2642 qui-

163 2664 287 2717 dem
335 2677 519 2716 omnes
546 2663 828 2731 participes
862 2673 987 2716 sunt
1026 2662 1148 2717 lacti
1194 2663 1419 2731 Spiritus
1457 2667 1620 2717 sancti
1662 2673 1715 2718 et

163 2755 351 2823 gratia:
395 2754 648 2820 cmlestis,
698 2753 811 2821 ipse
854 2764 1029 2806 autem
1076 2753 1261 2820 plenus
1297 2764 1411 2807 erat
1453 2755 1632 2822 gratio
1661 2767 1715 2808 et

166 2847 447 2902 veritatis:
496 2856 548 2900 et
591 2848 727 2900 sicut
766 2860 1058 2913 praecursor
1103 2859 1228 2898 suus
1273 2843 1340 2897 de
1387 2844 1478 2896 il‘o
1503 2845 1711 2898 aiebat:
1783 2895 1787 2898 .

166 2935 289 2992 Non
323 2936 454 2991 enim
496 2935 562 2988 ad
603 2948 890 2988 mensuram
928 2934 1014 2985 dat
1053 2930 1187 2985 Deus
1229 2932 1500 3001 Spirimnt.
1560 2920 1716 2983 Pater

163 3027 299 3082 enim
322 3025 486 3094 diligit
513 3022 724 3087 Filium,
745 3034 790 3076 et
810 3023 976 3075 omnia
995 3022 1130 3074 dedit
1157 3021 1208 3073 ia
1231 3035 1379 3072 manu
1401 3023 1510 3089 ejus
1532 3016 1711 3086 (Joau.

163 3120 274 3182 ιιι).
325 3117 483 3171 Bascs
528 3125 701 3168 autem
746 3129 927 3178 mne-.2,
980 3111 1245 3181 propheta.-
1301 3119 1444 3174 sunt,
1493 3123 1715 3176 quorum

1815 1943 2114 1996 carentibus
2139 1943 2446 1996 aediﬁcatur.

2404 2015 2624 2088 carui
2674 2032 2761 2106 an

1939 2121 2130 2174 Alteris
2157 2121 2441 2174 holocausti
2473 2132 2519 2174 et
2545 2138 2776 2175 vasorum
2804 2124 2912 2191 ejus
2940 2124 3230 2192 descriptio.
3279 2110 3281 2112 ﬁ

1885 2211 2075 2279 (Exod.
2108 2212 2302 2279 xxvii.)
2334 2210 2513 2264 Facies
2540 2222 2586 2264 et
2615 2213 2777 2264 altare
2805 2216 2866 2265 de
2893 2214 3042 2284 lignis
3068 2216 3230 2279 setim,
3256 2225 3360 2270 etc.

1817 2304 1924 2358 lloc
1989 2305 2188 2367 altare,
2246 2304 2381 2372 quod
2435 2303 2646 2372 proprie
2714 2305 2998 2358 holocausti
3063 2310 3359 2371 Vocabatur,

1815 2395 1973 2447 eorda
1996 2396 2287 2448 electorum
2315 2393 2577 2461 designat,
2605 2407 2721 2461 quas
2761 2393 2823 2445 ad
2855 2395 3115 2447 oll'eremla
3143 2395 3245 2448 Deo
3273 2412 3328 2449 sa
3346 2427 3360 2434 -

1814 2485 2006 2538 criﬁeia
2058 2486 2310 2540 b0nut‘um
2360 2498 2578 2548 cperunt
2622 2480 2783 2549 ipsius
2829 2495 2949 2535 sunt
2991 2485 3128 2536 dozo
3171 2499 3360 2537 conseo

1814 2583 1982 2623 erata.
2031 2569 2178 2640 Quod
2216 2577 2334 2636 apte
2378 2567 2445 2620 de
2475 2569 2628 2636 lignis
2673 2565 2823 2620 setim
2874 2570 2981 2623 ﬁeri
3033 2571 3364 2640 praecipitur;

1815 2659 1934 2726 quia
1964 2639 2154 2711 munita
2189 2664 2241 2710 et
2276 2657 2582 2722 lincorrupta
2609 2656 2762 2708 decet
2803 2671 2921 2710 esse
2949 2657 3108 2711 corda
3149 2639 3201 2711 et
3235 2673 3364 2712 eor-

1818 2763 1940 2818 pora
1991 2749 2042 2802 in
2081 2749 2270 2815 quibus
2297 2746 2526 2816 Spiritus
2557 2745 2647 2799 Dei
2678 2747 2896 2800 habitet.
2929 2747 3097 2801 llabct
3134 2749 3366 2817 quinque

1815 2835 2023 2888 cubitus
2050 2833 2413 2902 longitudinis,
2458 2841 2513 2885 et
2553 2831 2771 2886 totidem
2804 2833 3124 2898 latitudinis,
3154 2851 3274 2888 cum
3303 2837 3364 2887 ﬁ-

1814 2921 1950 2977 delis
1975 2924 2194 2989 quisque
2217 2934 2402 2976 omnes
2441 2921 2524 2975 sui
2548 2925 2789 2988 corpora
2814 2935 2873 2975 se
2911 2935 3002 2977 sus
3029 2923 3084 2978 iu
3129 2925 3366 2991 longitu-

1819 3013 1942 3068 dine
1975 3011 2241 3079 patientlu:
2285 3018 2341 3066 et
2385 3007 2435 3064 in
2480 3009 2755 3063 latitudine
2801 3013 3071 3066 etiaritatis
3117 3027 3367 3068 exercere

1819 3102 2004 3170 satagit
2038 3118 2052 3154 :
2083 3110 2139 3155 ut
2167 3101 2218 3153 in
2244 3097 2384 3152 omni
2414 3112 2511 3152 sua
2537 3097 2671 3160 viso,
2699 3097 2904 3162 auditu,
2932 3109 3108 3168 gustu.
3147 3102 3361 3167 oltactu,

165 3205 504 3262 attestatione
525 3204 877 3274 apostolorum
900 3217 1075 3257 sermo
1103 3201 1459 3255 conﬁrmatur.
1492 3188 1709 3253 Et‘bene
1735 3197 1784 3258 C
1816 3200 1872 3246 et
1900 3200 2057 3253 tactu,
2089 3204 2297 3257 semper
2342 3203 2401 3242 se
2442 3186 2621 3241 divino
2670 3189 2967 3244 meminerit
3015 3205 3147 3245 man
3167 3191 3362 3258 ipa-tum

165 3313 354 3362 a-tteaz,
384 3297 465 3351 vel
495 3307 706 3365 propter
733 3294 1137 3364 insuperabilem
1169 3292 1362 3347 tuentis
1393 3290 1715 3360 prophetica:

167 3387 443 3451 ﬁduciam;
479 3389 560 3441 vel
601 3388 723 3456 quia
771 3401 944 3440 sermo
988 3401 1193 3450 eorum,
1247 3394 1556 3439 senescente
1603 3385 1716 3440 sive

166 3485 475 3530 transeunte
521 3476 736 3539 nmudo,
785 3477 921 3528 nulla
971 3491 1196 3543 unquam
1246 3482 1503 3527 vetustate
1545 3481 1716 3539 potest

166 3565 426 3618 consumi.
461 3564 639 3633 Neque
665 3564 802 3617 enim
833 3565 972 3616 venit
1005 3564 1252 3617 Dominus
1292 3565 1497 3616 solvere
1526 3562 1712 3630 'legem

165 3659 262 3703 aut
283 3652 578 3718 prophetas,
609 3667 648 3701 St
668 3651 700 3702 d
731 3653 1034 3718 adimplere.
1065 3652 1265 3703 Ilaheut
1293 3651 1431 3703 enim
1457 3652 1715 3726 columna:

171 3739 491 3793 tabernaculi
537 3739 691 3793 bases
720 3752 914 3804 anieas,
959 3739 1149 3793 habent
1178 3755 1334 3793 aurea
1361 3743 1565 3808 capita;
1594 3741 1715 3809 quia

171 3829 419 3884 nimirum
453 3827 675 3898 apostoli
704 3839 757 3882 et
794 3829 1066 3896 apostolici
1095 3829 1189 3883 viri
1219 3829 1390 3884 verbis
1436 3830 1717 3899 pr0pheta-

172 3920 298 3972 rum
335 3919 390 3972 in
412 3917 516 3980 ﬁde
550 3927 671 3971 sunt
695 3919 1014 3985 continuati,
1044 3928 1098 3974 et
1125 3920 1189 3972 ad
1221 3920 1496 3975 videndam
1533 3918 1716 3975 faciem

172 4007 256 4061 sui
285 4007 585 4069 Conditoris
631 4023 978 4078 supernorum
1032 4011 1290 4065 desiderio
1337 4013 1537 4065 erecti.
1594 4011 1718 4065 Item

172 4088 344 4165 capita
372 4113 548 4161 aurea,
577 4097 671 4152 sed
701 4099 854 4152 bases
879 4099 1071 4153 habent
1101 4114 1302 4163 a‘neas;
1328 4101 1446 4168 quia
1475 4113 1720 4169 quaecun-

173 4200 279 4256 que
305 4200 393 4254 per
427 4187 702 4240 Dominum
735 4187 936 4242 caelesti
964 4187 1064 4241 sibi
1105 4191 1418 4243 auctoritate
1456 4190 1577 4242 data
1605 4204 1722 4257 per-

172 4285 461 4346 ceperunt,
502 4286 690 4353 cuncta
745 4277 858 4330 haec
900 4278 1098 4343 pridem
1153 4279 1465 4353 prophetico
1516 4277 1724 4345 eloquio

175 4367 426 4436 praedicta
454 4349 573 4421 esse
603 4377 933 4419 sacramenta
962 4346 1277 4420 didicerunt.
1308 4367 1466 4429 Sane,
1496 4367 1616 4432 quia
1659 4365 1725 4417 de

173 4456 424 4510 orientali
451 4453 602 4524 plaga
634 4454 916 4520 loquimur,
951 4451 1154 4505 videtur
1180 4463 1528 4519 opportunum
1578 4466 1726 4505 com-

1824 3296 1948 3336 esse
1975 3282 2220 3344 servitio;
2257 3280 2403 3349 juxta
2454 3280 2574 3333 illud
2601 3279 2855 3346 Apostoli,
2890 3279 3008 3334 Sive
3032 3283 3366 3348 manducetis.

1816 3375 1918 3429 sive
1954 3367 2142 3434 bibitis,
2185 3355 2289 3424 sive
2326 3371 2465 3423 aliud
2505 3371 2624 3436 quid
2649 3370 2837 3435 facitis,
2867 3357 3116 3423 omniain
3154 3374 3368 3440 gloriam

1817 3461 1912 3514 Dei
1941 3462 2104 3528 ferite.
2156 3460 2319 3510 liabet
2345 3468 2394 3509 et
2425 3465 2529 3507 tres
2558 3457 2762 3507 cubitus
2792 3455 3098 3518 altitudinis,
3131 3473 3247 3508 cum
3278 3474 3368 3511 ca-

1816 3555 1934 3606 dum
1965 3553 2120 3604 curtlzl
2149 3549 2436 3601 electorum
2465 3564 2555 3612 per
2584 3547 2762 3610 ﬁdem,
2788 3561 2932 3614 spem
2978 3556 3029 3600 et
3057 3549 3367 3603 eharitatem

1817 3642 2140 3693 ad'cmlcstia
2176 3638 2412 3692 tendum.

1888 3729 2085 3782 Cornua
2128 3742 2292 3780 autem
2333 3742 2421 3794 per
2458 3733 2674 3793 quatuor
2721 3714 2951 3792 angulos,
2988 3736 3088 3778 etc.
3139 3725 3370 3792 Quttuor

1820 3830 2041 3900 angulos
2088 3828 2245 3882 habet
2293 3827 2457 3880 altare
2501 3825 2814 3893 holocausti,
2863 3826 2981 3893 quia
3015 3839 3109 3893 per
3150 3836 3374 3893 quatuor

1823 3921 1999 3978 mundi
2030 3919 2203 3987 plagas
2228 3929 2409 3971 sancta
2441 3916 2689 3970 dilatatur
2735 3914 2989 3976 Ecclesia,
3021 3928 3135 3982 qua:
3163 3930 3233 3984 pr,
3259 3923 3374 3982 pter

1827 4027 1983 4063 unum
2016 4024 2109 4062 cor
2136 4020 2188 4061 et
2232 4008 2462 4059 animam
2494 4021 2648 4058 unam
2681 4003 2838 4056 totius
2868 4004 3190 4056 credentium
3239 4008 3376 4054 mul-

1828 4102 2060 4154 titudinis
2091 4106 2232 4150 recte
2263 4095 2460 4147 iactura
2512 4093 2664 4144 unius
2705 4091 3008 4156 designatur
3057 4090 3236 4141 altaris
3266 4107 3276 4141 :
3305 4104 3372 4142 ex

1826 4209 1930 4259 quo
1978 4188 2221 4243 videlicet
2262 4183 2412 4236 altari
2444 4197 2639 4235 cornua
2670 4181 2798 4233 ﬁunt
2826 4190 3068 4248 quatuor,
3099 4195 3216 4232 cum
3247 4195 3376 4246 qua.

1829 4295 1945 4335 tnor
1973 4276 2246 4330 virtutibus
2274 4288 2414 4341 saepe
2438 4280 2563 4325 ante
2589 4271 2744 4325 dictis
2778 4269 3040 4338 iustorum
3071 4270 3226 4321 corda
3261 4285 3377 4322 mu-

1829 4373 2060 4425 niun'ur.
2102 4368 2172 4420 De
2195 4367 2385 4435 quibus
2421 4365 2472 4417 in
2509 4362 2662 4416 laude
2699 4362 2968 4428 Sapientia:
3010 4359 3200 4412 dicitur
3229 4375 3240 4410 :
3274 4359 3374 4415 So.

1831 4464 2085 4516 brictntcm
2125 4462 2256 4513 enim
2289 4469 2334 4511 et
2378 4456 2696 4522 prudentiam
2744 4454 2918 4516 docet,
2951 4463 2995 4506 et
3032 4454 3290 4522 justitiam
3330 4463 3380 4506 et

176 4559 474 4600 nitet-iurare
499 4546 669 4613 aliqua
695 4548 759 4596 de
787 4543 1112 4611 expasitiune
1136 4541 1298 4596 vectis
1329 4542 1469 4594 illius
1497 4542 1721 4610 singula-

1829 4559 2087 4615 virtutrm;
2116 4552 2292 4618 quibus
2321 4550 2492 4622 utilius
2517 4547 2643 4600 nihil
2669 4556 2742 4598 est
2779 4546 2830 4599 in
2859 4549 2959 4598 vita
2980 4546 3195 4598 hominis
3223 4545 3377 4615 (ευρ.

177 4639 276 4701 ris,
301 4649 454 4703 quem
484 4635 552 4687 ab
582 4633 772 4702 angulo
827 4631 1117 4686 tabularum
1161 4632 1229 4687 ad
1276 4633 1522 4701 angulum
1563 4648 1727 4702 usque

178 4718 397 4796 parietis
431 4725 651 4778 alterius
680 4734 982 4792 porrectum
1021 4738 1162 4791 esse,
1191 4738 1252 4777 ac
1280 4733 1441 4777 totam
1473 4726 1728 4793 parietum

169 4815 551 4883 constantiam,
579 4828 643 4868 ne
670 4814 717 4867 vi
752 4823 806 4868 et
833 4815 1056 4881 impulsu
1104 4815 1454 4880 procellarum
1493 4815 1729 4879 concuti,

178 4917 338 4976 atque
366 4907 468 4962 huc
497 4915 553 4962 et
575 4907 695 4960 illuc
720 4917 895 4975 posset
925 4905 1140 4970 inflecti,
1171 4908 1444 4960 continere
1464 4907 1573 4975 jam
1598 4907 1733 4960 dixi-

180 5014 321 5056 mus.
362 4999 620 5067 Scriptum
656 5007 738 5052 est
791 5000 842 5052 in
890 4998 1229 5064 sequentibus
1269 5009 1432 5049 saera:
1474 4998 1726 5061 historiae,

184 5094 274 5146 ubi
304 5092 478 5144 omnia
505 5105 622 5159 qua:
652 5090 901 5145 Dominus
934 5087 1298 5158 imperaverat,
1325 5088 1528 5156 Moyses
1556 5089 1734 5155 exple-

188 5188 325 5240 tisse
353 5192 611 5236 narratur.
1173 5221 1176 5224 .

800 5269 1020 5328 CAPUT
1057 5272 1124 5325 Χ.

227 5365 394 5419 Vestis
413 5363 501 5433 qui
522 5361 585 5414 ab
612 5362 801 5430 angulo
826 5378 978 5430 usque
1005 5364 1073 5415 ad
1101 5365 1340 5432 angulum
1362 5363 1696 5433 perveniebat.

253 5455 446 5528 (Exod.
482 5455 748 5521 sum)...
782 5451 980 5508 Vectem
1007 5456 1182 5518 alium,
1205 5455 1292 5524 qui
1321 5471 1409 5523 per
1429 5456 1621 5508 medias
1654 5466 1733 5509 ta-

180 5551 351 5615 bula,
373 5561 474 5604 etc.
503 5547 597 5601 llic
621 5560 754 5613 ergo,
774 5545 934 5598 vectis
976 5561 1003 5596 a
1035 5547 1199 5614 prima
1249 5549 1543 5600 tabularum
1591 5535 1734 5599 sum-

181 5645 369 5698 mitate
396 5654 557 5709 usque
583 5638 645 5689 ad
672 5637 886 5690 alterius
911 5638 1090 5688 lateris
1113 5638 1488 5698 suaunitatein,
1521 5651 1612 5701 per
1641 5636 1735 5688 de-

182 5750 307 5792 cem
350 5732 554 5787 cubitos
603 5729 892 5786 latitudinis
936 5729 1254 5783 tabernaculi
1302 5740 1572 5798 prozentus
1621 5743 1742 5787 csse

1833 4647 1968 4716 ml).
2002 4647 2124 4698 limc
2151 4657 2346 4697 cornua
2394 4656 2455 4694 es
2505 4642 2618 4707 ipso
2647 4637 2796 4691 altari
2838 4639 3218 4705 producuntur,
3259 4645 3381 4690 cuni

1831 4734 2154 4792 munimenta
2184 4736 2437 4784 virtutum
2471 4729 2651 4782 lideles
2683 4742 2785 4778 non
2815 4727 2991 4794 spei-ie
3030 4737 3205 4791 tenus,
3236 4734 3290 4780 et
3317 4728 3381 4778 al

1834 4828 2018 4882 fitflt‘lll
2064 4825 2331 4878 hominum
2361 4828 2642 4880 ostentant,
2672 4821 2765 4872 sed
2795 4832 2855 4870 es
2889 4817 3067 4870 intima
3093 4818 3171 4870 sui
3198 4817 3382 4870 cordis

1835 4919 2009 4974 radice
2034 4916 2140 4969 Deo
2172 4922 2305 4966 teste
2333 4921 2606 4979 generant.
2634 4908 2841 4960 Cornua
2895 4915 3018 4958 sunt
3043 4899 3275 4975 quatuor
3290 4920 3384 4975 per

1837 5021 2065 5081 quam",
2089 5007 2306 5073 angulos
2334 5003 2536 5066 altaris,
2567 5016 2682 5053 rum
2717 4999 2765 5050 in
2795 4995 3035 5073 omnibus
3067 4997 3246 5050 mundi
3276 4991 3382 5050 ter-

1840 5100 1997 5154 minis
2025 5094 2287 5157 Ecclesia,
2321 5093 2568 5144 virtutum
2611 5089 2837 5154 potentia
2882 5084 3140 5150 spirituall
3183 5085 3386 5135 cunctis

1837 5187 2070 5241 hostium
2103 5182 2305 5237 insidiis
2354 5176 2666 5231 inviolabilis
2696 5172 2949 5241 persistit,
2983 5171 3088 5224 imo
3120 5171 3228 5236 ipsa
3257 5183 3386 5220 run-

1837 5280 1937 5331 ctis
1973 5291 2031 5331 se
2061 5266 2484 5342 impugnantibus
2522 5264 2708 5318 fortior
2736 5261 2992 5314 efficitur.
3013 5258 3164 5324 Quod
3195 5256 3386 5309 videli-

1839 5377 1925 5424 cet
1949 5370 2113 5420 altarc
2149 5360 2416 5430 operietur
2443 5370 2570 5418 tere.
2598 5370 2719 5408 eum
2750 5353 2916 5406 virtus
2944 5359 3117 5416 empta
3151 5345 3386 5400 ﬁdelium

1840 5457 2237 5528 perseveranter
2282 5465 2447 5518 usque
2491 5447 2556 5502 ad
2589 5448 2744 5501 linem
2793 5445 2940 5496 ﬁrma
2990 5450 3221 5503 tenetur;
3271 5438 3392 5528 quia

1840 5525 1980 5604 enim
2014 5545 2133 5600 atris
2163 5541 2432 5596 metallum
2461 5539 2614 5604 longo
2643 5535 2776 5588 solet
2805 5542 3046 5598 tempore
3074 5525 3391 5591 incorrupti-

1843 5641 1944 5692 liile
1968 5638 2178 5698 durare,
2204 5640 2344 5685 recte
2369 5647 2460 5698 per
2491 5629 2587 5680 huc
2622 5626 2789 5677 virtus
2816 5622 2952 5676 valet
2984 5615 3394 5686 peraevuranitn

1846 5727 2129 5799 designari.
2162 5725 2214 5781 Si
2243 5739 2396 5793 quem
2435 5735 2560 5775 vero
2588 5724 2762 5771 movet
2804 5715 2950 5783 juxta
2983 5711 3231 5771 litteram,
3259 5719 3390 5774 quo.
