3898 6260
471 447 567 502 651

970 437 1169 494 ΒΕΒᾸΞ
1214 431 1655 491 ιἘΝιῖῐιΑΒι-ιιιε
1694 426 1973 485 OPERUM
2013 423 2047 480 I‘

2155 423 2191 481 S
2230 423 2294 477 ll.
2329 452 2395 464 —
2439 419 2823 478 EXEGETICA
2865 419 3178 477 CENUINA.

3594 417 3693 472 452

473 565 630 619 modo
676 560 810 629 ligna
859 555 1040 611 altaris
1085 563 1232 606 tanto
1282 553 1400 619 igne
1448 549 1628 602 vicino
1693 543 2020 598 incombusta
2052 537 2360 601 Acmlcstis
2406 534 2681 589 feriuntur.
2733 533 2974 586 l’estietur
3003 533 3235 585 sacerdos
3264 530 3444 584 tunica
3473 541 3521 583 et
3552 530 3698 629 [eati-

472 668 784 729 permanere
835 648 1118 719 potuerint,
1168 644 1391 710 accipiat
1439 641 1576 694 beati
1619 633 1921 729 Hieronymi
1959 633 2027 688 de

471 727 570 802 hac
593 743 880 813 quaestione
911 751 1236 807 responsum.
1269 732 1482 792 Altaris,
1515 729 1704 798 inquit,
1731 727 1891 795 ligna,
1912 737 2026 790 qua:

467 837 538 892 de
569 834 720 903 lignis
749 830 980 901 paradisi
1017 834 1160 889 sunt,
1193 839 1295 877 non
1327 831 1634 876 cremantur
1682 818 1802 885 igne
1832 813 2026 877 vieino,

472 926 565 984 sed
597 924 805 993 puriora
837 918 1149 973 redduntur.
1199 912 1304 966 Nec
1335 912 1525 963 mirum
1560 908 1660 960 hoc
1687 907 1753 959 de
1781 912 2029 957 sant-tua.

474 1016 553 1070 rio
583 1023 635 1068 et
663 1008 1001 1066 interioribus
1028 1005 1229 1073 templi,
1261 1014 1313 1056 et
1341 1001 1489 1053 altari
1522 997 1881 1067 thymiamatis
1909 1008 2029 1048 cre-

473 1108 622 1172 dere,
665 1117 785 1157 cum
834 1101 990 1152 etiam
1040 1096 1324 1157 atnianton,
1374 1091 1511 1160 quod
1559 1088 1682 1156 ligni
1733 1101 1897 1155 genus
1925 1096 2027 1149 θεν,

475 1197 559 1250 vel
601 1193 724 1263 ligni
763 1190 962 1244 habens
995 1185 1406 1246 similitudinem,
1442 1190 1636 1250 quanto
1675 1179 1789 1247 plus
1821 1178 2029 1240 arserit,

475 1268 618 1346 tanto
646 1284 892 1339 mundius
924 1280 1242 1336 inveniatur.

545 1378 823 1444 Faciesque
862 1376 912 1426 in
956 1388 1075 1425 usus
1111 1373 1218 1441 ejus
1245 1367 1456 1428 lebetas,
1487 1365 1552 1415 ad
1589 1359 1932 1428 suscipiendos
1960 1357 2031 1409 ci-

475 1486 635 1534 neres,
661 1479 762 1523 etc.
799 1465 930 1519 Vasa
960 1463 1138 1516 altaris
1169 1460 1399 1522 diversa,
1430 1455 1772 1517 veLdiversas
1802 1447 2030 1504 ﬁdelium

479 1574 754 1630 personas,
803 1557 882 1610 vel
929 1564 1073 1609 certe
1119 1551 1432 1605 multifarias
1487 1547 1717 1615 ipsorum
1774 1544 2031 1606 actiones,

477 1653 587 1706 sive
615 1650 957 1720 cogitationes
997 1646 1047 1699 in
1081 1642 1388 1698 famulatum
1419 1639 1498 1692 sui
1528 1634 1830 1690 Conditoris
1856 1631 2036 1697 dispo-

478 1746 608 1798 sitas
637 1742 877 1809 accipere
902 1737 1178 1792 debemus.
1235 1733 1301 1786 Et
1341 1729 1550 1798 quidem
1597 1727 1768 1794 primo
1814 1723 2034 1782 lebetas,

480 1835 544 1888 ad
591 1830 952 1900 suscipiendos
998 1827 1242 1886 cineres,
1291 1820 1461 1874 facere
1508 1815 1826 1885 pr.t-cipitttr.
1892 1812 2034 1864 Cinis

2129 628 2326 681 natibus
2357 629 2502 680 lineis
2525 641 2544 680 :
2570 625 2818 680 sacerdos
2847 624 2934 691 qui
2975 625 3128 677 offert
3166 623 3569 684 holocaustum,
3602 621 3696 675 Do-

2131 721 2305 773 minus
2330 730 2442 773 est:
2477 719 2597 789 quia
2640 719 2688 770 in
2729 718 2879 770 nobis
2920 718 3031 785 ipse
3060 723 3231 785 ignem
3279 731 3393 770 su-e
3424 716 3700 770 charitatis

2131 809 2444 874 accendere,
2473 823 2535 862 ac
2559 825 2649 875 per
2679 809 2812 861 hunc
2843 807 3040 860 hostias
3064 808 3216 861 bona:
3243 817 3447 860 nostra
3476 807 3700 860 actionis

2130 901 2340 954 sibimet
2363 901 2708 966 acceptabiles
2739 900 2909 954 facere
2936 902 3226 953 consuevit.
3260 899 3323 951 Et
3353 899 3469 951 haec
3498 897 3695 951 fat-iens

2133 993 2352 1045 vestitur
2403 992 2550 1045 lineis
2596 993 2943 1058 indumentis;
2994 993 3112 1058 quia
3164 1001 3220 1043 ut
3266 1005 3366 1044 nos
3421 992 3488 1043 ad
3535 1003 3697 1056 opera

2133 1083 2381 1134 virtutum
2423 1084 2633 1145 excitet,
2668 1082 2906 1147 exempla
2948 1082 3095 1135 nobis
3122 1095 3236 1135 sua:
3287 1080 3698 1142 incarnationis.

2133 1173 2394 1242 passionis
2427 1183 2480 1229 et
2520 1175 2704 1228 mortis
2743 1175 3009 1242 proponit,
3053 1191 3166 1243 quze
3200 1190 3295 1243 per
3341 1175 3508 1228 linum
3540 1176 3702 1243 signi-

2139 1264 2282 1318 ﬁcari
2314 1279 2465 1332 posse
2491 1265 2683 1333 sapius
2709 1263 2900 1318 dictum
2928 1273 3028 1318 est.
3059 1263 3212 1319 Tollit
3242 1274 3422 1318 autem
3452 1266 3587 1317 idem
3614 1281 3700 1316 sa-

2134 1356 2307 1410 cerdos
2335 1357 2546 1419 cineres,
2569 1371 2689 1423 quos
2719 1371 2872 1408 uorax
2898 1356 3027 1424 ignis
3057 1359 3266 1420 exussit,
3302 1368 3352 1410 et
3379 1356 3521 1427 ponit
3545 1358 3701 1426 juxta

2134 1448 2313 1513 altare,
2352 1462 2467 1499 cum
2504 1446 2757 1500 Dominus
2790 1446 2944 1499 ﬁnem
2986 1447 3257 1500 laboriosis
3303 1448 3558 1514 operibus
3601 1446 3699 1499 itu-

2137 1540 2304 1605 ponit,
2343 1553 2514 1606 neque
2536 1538 2705 1605 justus
2733 1539 2798 1592 de
2822 1539 2919 1593 hac
2945 1540 3048 1591 vita
3087 1548 3267 1603 raptos
3296 1539 3434 1590 ultra
3469 1554 3562 1606 pro
3598 1539 3698 1590 vita

2137 1640 2333 1682 mterna
2361 1639 2586 1693 certare,
2616 1629 2710 1681 sed
2746 1644 2991 1682 coronam
3021 1629 3240 1697 justitite
3279 1630 3330 1682 in
3365 1631 3468 1683 vita
3503 1639 3698 1683 reterns

2136 1719 2282 1787 jubet
2311 1720 2567 1785 accipere.
2602 1715 2807 1771 Ponens
2847 1718 3036 1770 etenim
3078 1717 3284 1771 cineres
3323 1718 3478 1786 juxta
3507 1719 3699 1783 altare,

2139 1808 2433 1873 spoliabitur
2475 1806 2720 1875 prioribus
2767 1807 3096 1869 uestimentis,
3131 1821 3249 1859 cum
3287 1808 3354 1858 ad
3386 1808 3700 1860 memoriam

479 1933 657 1979 autem
705 1898 1019 1980 hostiarum,
1063 1915 1202 1985 quod
1249 1915 1298 1966 in
1349 1926 1538 1980 magno
1568 1909 1818 1977 mysterio
1847 1905 2030 1958 debeat
2067 1900 2108 1959 Β
2133 1899 2306 1966 justis,
2337 1915 2451 1968 qua:
2481 1898 2716 1953 fecerunt
2743 1899 2896 1964 bona,
2924 1899 3197 1963 reducens,
3232 1914 3338 1952 non
3369 1901 3449 1953 eis
3478 1901 3702 1968 amplius

481 2014 679 2082 accipi,
735 2021 955 2066 testatur
1005 2007 1140 2062 cinis
1199 2005 1374 2058 vitul.c
1430 2002 1557 2056 rufse
1610 2013 1892 2068 aspersus;
1946 1997 2031 2064 qui

478 2105 658 2166 etiam,
706 2101 954 2168 Apostolo
999 2104 1170 2155 teste,
1232 2093 1516 2163 inquinatos
1567 2090 1915 2157 sancti/scabra
1964 2088 2033 2138 ad

482 2192 886 2248 emundationem
921 2188 1085 2242 carnis
1116 2185 1296 2255 (Hebr.
1329 2189 1439 2248 ix);
1494 2185 1546 2235 in
1577 2196 1680 2251 quo
1723 2181 1833 2248 ipse
1864 2177 2037 2246 prmﬁ-

487 2293 726 2354 guratum
757 2275 1005 2346 intelligit
1026 2281 1407 2329 sacramentum
1435 2270 1724 2324 Dominica:
1754 2265 2034 2336 passionis.

487 2373 717 2440 Tempus
781 2377 954 2422 autem
1024 2374 1078 2420 et
1123 2365 1480 2431 acceptionem
1533 2359 1797 2429 passionis
1845 2355 2038 2433 Christi

486 2465 727 2531 designat
750 2461 881 2515 cinis
916 2468 1169 2521 cremata,
1205 2472 1322 2524 qua!
1353 2471 1446 2508 nos
1478 2458 1528 2508 in
1559 2461 1864 2522 perpetuum
1897 2447 2040 2517 puri-

488 2558 650 2610 licans
675 2556 861 2610 salvat.
899 2553 1036 2620 Ergo
1063 2547 1318 2605 crematio
1350 2547 1526 2599 vitulis
1558 2545 1688 2596 rura:
1733 2541 1920 2607 ipsum.
1953 2536 2041 2603 qui

486 2647 551 2700 ad
583 2644 1005 2700 cmuntlationcm
1053 2637 1445 2693 imtnundorum
1484 2631 1807 2691 servabatur,
1841 2638 2040 2696 mystc-

489 2739 624 2789 rium
671 2735 777 2799 jam
821 2729 1102 2796 completa:
1155 2727 1394 2794 ejusdem
1453 2722 1745 2792 passionis,
1795 2734 1897 2786 quo
1948 2733 2043 2772 nos

488 2820 722 2889 quotidie
761 2833 789 2871 a
822 2818 1048 2887 peccatis
1077 2816 1270 2869 nostris
1302 2813 1596 2881 expiamur,
1629 2810 1878 2862 insinuat.
1913 2809 2041 2872 Quia

490 2925 617 2980 ergo
643 2908 817 2962 omnia
864 2906 1117 2961 sacriﬁcia
1147 2914 1200 2959 et
1229 2903 1455 2957 victima:
1483 2915 1596 2968 qum
1631 2898 2043 2953 incendebantur

490 3004 542 3055 in
585 3000 758 3065 altari,
810 2999 889 3051 vel
937 2998 1233 3065 passionem
1277 2993 1527 3056 Domini,
1575 2991 1654 3045 vel
1705 2991 2039 3045 devotionem
2077 3055 2082 3060 _

488 3102 791 3144 sanctorum
820 3089 934 3155 ejus
962 3089 1167 3139 ﬂamma
1195 3083 1466 3139 charitatis
1495 3081 1788 3145 ardentem,
1820 3080 2040 3148 ﬁgurate

490 3184 831 3244 denuntiant;
881 3181 1066 3233 merito
1109 3178 1239 3231 cinis
1284 3176 1741 3238 holocaustorum,
1787 3173 1868 3225 vel
1917 3185 2044 3222 con-

2141 1992 2370 2046 habitum
2399 2006 2506 2045 suae
2541 1992 2797 2060 passionis
2829 1992 3132 2044 imitandum
3170 1993 3434 2053 ostendit;
3483 1993 3577 2044 sed
3628 1991 3703 2043 ia-

2138 2082 2315 2135 duitur
2344 2081 2461 2135 aliis
2502 2082 2860 2144 vestimentis,
2899 2081 3000 2134 illis
3035 2082 3285 2136 videl;cet
3323 2081 3390 2135 de
3424 2081 3620 2149 quibus
3649 2080 3699 2133 ia

2142 2170 2424 2238 Evangelia
2453 2169 2583 2223 dicit
2613 2169 2723 2236 ipse
2749 2187 2760 2220 :
2793 2169 2950 2224 Arnen
2984 2170 3094 2221 dico
3121 2170 3280 2232 vobis,
3309 2171 3445 2238 quod
3486 2172 3700 2237 precin-

2139 2271 2219 2332 get
2248 2277 2297 2314 se
2323 2271 2369 2313 et
2399 2261 2547 2330 faciet
2576 2261 2691 2312 illos
2719 2260 3019 2312 discumbere
3055 2257 3202 2330 (Luc.
3235 2261 3362 2329 sit);
3407 2259 3460 2312 id
3507 2271 3610 2321 est,
3642 2257 3702 2311 ad

2142 2361 2398 2405 aeternam
2439 2365 2496 2404 se
2535 2353 3009 2404 remunerationem
3054 2353 3388 2420 prmparabit,
3419 2361 3477 2405 et
3509 2353 3629 2405 illos
3655 2354 3702 2405 in

2144 2453 2337 2497 aeterna
2370 2442 2492 2496 facit
2519 2444 2692 2512 quiete
2721 2443 2968 2497 refoveri.
2999 2441 3215 2496 Indntus
3254 2459 3372 2498 vero
3412 2447 3530 2497 aliis
3559 2447 3704 2497 resti-

2145 2535 2326 2586 mentis
2367 2532 2541 2596 elferet
2578 2534 2766 2586 cineres
2811 2543 2950 2585 extra
2984 2543 3186 2597 castra,
3235 2548 3353 2586 cum
3388 2545 3602 2599 paratus
3644 2534 3704 2586 ad

2146 2627 2591 2679 remunerandum
2619 2624 2874 2680 _laborem
2920 2625 3208 2678 electorum
3259 2640 3478 2679 suorum
3532 2625 3706 2679 Domit»

2149 2729 2266 2776 nus,
2306 2713 2554 2783 quidquid
2591 2714 2708 2767 boni
2740 2723 3034 2782 gesserant,
3059 2713 3168 2782 jam
3209 2715 3262 2767 in
3306 2714 3394 2768 illa
3440 2716 3563 2767 facit
3604 2718 3702 2767 vita

2147 2803 2310 2857 videri
2346 2803 2467 2856 hinc
2493 2805 2744 2857 ablatum.
2789 2803 2893 2858 Nec
2920 2803 2986 2857 ab
3018 2819 3073 2858 re
3103 2814 3186 2858 est
3211 2805 3325 2857 loco
3353 2814 3507 2858 extra
3535 2814 3703 2857 ca-trs

2147 2898 2315 2967 posito
2346 2899 2463 2952 sine
2494 2901 2724 2966 perpetis
2768 2900 3060 2968 ingressum
3108 2898 3341 2970 ﬁgurari.
3373 2913 3494 2953 cum
3526 2909 3579 2951 et
3609 2898 3704 2950 Do-

2147 2989 2322 3042 minus
2361 2988 2501 3042 dicat
2538 3004 2552 3042 :
2583 2987 2682 3041 Per
2723 3005 2801 3043 me
2839 2991 2882 3042 si
2919 2991 3029 3056 quis
3072 2992 3355 3052 intrauerit,
3405 2992 3696 3052 sateabitttr,

2145 3088 2191 3132 et
2221 3080 2519 3147 ingredietur
2557 3089 2602 3131 et
2631 3080 2934 3148 egredietur,
2977 3095 3029 3134 et
3052 3095 3241 3147 pascua
3285 3083 3500 3135 inveniet
3531 3079 3700 3150 (locis.

2153 3169 2232 3234 sl.
2265 3169 2322 3221 Et
2349 3167 2621 3221 Psalmista
2647 3183 2662 3222 :
2693 3167 2934 3223 Dominus
2969 3173 3220 3223 custod'at
3262 3173 3528 3226 introitum
3569 3183 3704 3225 tum

494 3271 892 3326 smnmationem
921 3268 1195 3320 dominicae
1225 3265 1512 3333 passionis,
1563 3263 1642 3316 vel
1683 3273 1826 3316 certe
1869 3260 2040 3327 perfe-
2073 3256 2118 3317 C
2149 3266 2193 3308 et
2219 3257 2404 3308 exitum
2432 3266 2574 3308 tuum
2617 3256 2837 3318 (Psalm.
2868 3258 2961 3327 cx)
2993 3276 3006 3310 :
3039 3258 3309 3312 introitum
3343 3261 3612 3325 videlicet,
3657 3264 3703 3313 in

496 3362 723 3414 ctiouem
773 3356 1022 3423 exprimit
1069 3356 1277 3408 virtutis
1324 3355 1617 3424 justorum;
1676 3367 1795 3406 cum
1847 3351 1938 3404 toti
1991 3348 2041 3402 in

502 3449 589 3504 Dei
620 3448 888 3502 servitium
923 3462 1013 3514 per
1046 3449 1216 3517 ignem
1247 3446 1410 3498 sancti
1453 3443 1678 3511 Spit-itus
1704 3442 1882 3507 oblati,
1936 3441 2046 3510 ipsa

496 3539 603 3610 iam
645 3540 782 3593 bona
828 3553 983 3606 Opera
1038 3539 1209 3602 linire,
1256 3547 1306 3590 et
1349 3536 1412 3588 ad
1459 3533 1790 3603 percipienda
1829 3544 2046 3599 operum

500 3629 714 3697 praemia
763 3629 814 3681 in
847 3638 1093 3680 astcruam
1125 3626 1281 3678 vitam
1316 3625 1424 3692 rapi
1451 3634 1781 3677 meruerunt.
1813 3621 1960 3687 Quod
1997 3629 2050 3673 ut

499 3717 822 3773 manifestius
866 3717 986 3779 ﬁat,
1035 3716 1304 3768 videamus
1339 3715 1457 3782 quid
1500 3714 1564 3766 de
1591 3711 1856 3767 cineribus
1899 3711 2048 3764 holo-

499 3811 661 3863 causti
700 3808 907 3877 Moyses
929 3807 1068 3860 dicat
1100 3823 1112 3856 :
1146 3787 1266 3857 Ηωό
1294 3815 1386 3866 est,
1418 3804 1604 3868 inquit,
1634 3805 1715 3856 lex
1741 3802 2051 3855 liotocattsti:

500 3900 800 3953 cremabitstr
835 3900 886 3950 in
921 3898 1073 3949 altari
1105 3906 1206 3948 tota
1245 3904 1382 3946 nocte
1419 3909 1570 3959 usque
1609 3910 1775 3945 mane.
1811 3891 1950 3960 Ignis
1988 3907 2052 3943 ea:

500 3990 675 4042 eodem
714 3986 865 4040 altari
905 3987 1018 4039 erit.
1063 3984 1309 4036 l'estietur
1347 3984 1578 4034 suctirdos
1617 3983 1784 4033 tunica
1827 3991 1870 4032 et
1913 3980 2056 4047 femi-

502 4077 704 4131 nalibus
747 4073 1252 4148 lineis._Tollcnsque
1286 4073 1495 4133 cineres,
1542 4086 1664 4138 quos
1703 4085 1883 4122 vorans
1927 4070 2055 4139 ignis

506 4169 715 4229 exussit,
759 4176 803 4220 et
829 4182 1014 4236 ponens
1048 4166 1201 4232 juxta
1241 4162 1421 4225 altare,
1464 4161 1762 4226 spoliabitur
1810 4160 2058 4229 prioribus

504 4256 826 4317 uestimentis,
849 4256 1150 4322 indutosque
1170 4255 1283 4304 aliis
1307 4252 1473 4316 efferet
1501 4269 1580 4303 eos
1612 4260 1754 4303 extra
1780 4260 1969 4311 castra;
2013 4259 2057 4302 et

505 4348 558 4398 in
589 4347 695 4398 loco
723 4347 1070 4411 mundissimo,
1101 4360 1254 4408 usque
1283 4344 1346 4394 ad
1374 4343 1596 4411 favillam
1631 4342 1855 4394 causanti
1881 4343 2056 4409 faciet.

506 4432 650 4501 Ignis
690 4443 853 4486 autem
881 4434 933 4484 in
968 4434 1116 4484 altari
1146 4449 1335 4497 semper
1370 4432 1560 4482 ardebit
1604 4430 1746 4498 (Lev.
1770 4433 1864 4498 vt).
1895 4430 2059 4482 Holo—

506 4533 734 4575 caustttm
776 4538 894 4591 ergo
935 4525 1234 4574 crrntabitur
1264 4523 1313 4571 in
1357 4520 1525 4582 altari,
1549 4535 1664 4571 cum
1699 4520 1748 4570 in
1782 4521 1940 4572 corde
1968 4536 2058 4572 cu-

2151 3346 2285 3400 hanc
2328 3347 2578 3402 Ecclesiae
2629 3348 2825 3413 vitam;
2885 3353 3084 3403 exitum
3135 3365 3282 3414 vero,
3333 3351 3385 3404 in
3434 3353 3577 3406 illam
3625 3353 3703 3405 ubi

2152 3454 2339 3507 pascua
2417 3440 2754 3494 inveniuntur
2801 3452 3012 3496 aeternae
3078 3443 3358 3497 satietatis.
3429 3444 3543 3498 Non
3587 3458 3707 3514 ergo

2153 3532 2327 3599 inepte
2357 3530 2528 3585 locum
2580 3545 2728 3586 extra
2757 3544 2926 3589 castra
2957 3537 3204 3603 positum,
3236 3537 3287 3588 in
3333 3537 3421 3588 illa
3464 3537 3707 3606 intelligi-

2153 3635 2270 3674 mus
2315 3620 2420 3674 vita
2451 3663 2467 3687 ,
2517 3624 2806 3690 praesertim
2853 3639 2971 3678 cum
3026 3625 3092 3678 ibi
3143 3625 3289 3678 locus
3337 3627 3709 3682 mundissimus

2153 3724 2271 3764 esse
2309 3711 2534 3776 dicatur,
2559 3714 2694 3780 quod
2727 3716 2776 3766 in
2816 3714 2914 3768 hac
2942 3714 3042 3767 vita
3073 3715 3184 3769 ﬁeri
3212 3717 3520 3771 nullatenus
3563 3732 3706 3785 posse

2152 3801 2486 3870 perspicuum
2527 3815 2626 3856 eat.
2667 3803 2833 3858 Locus
2865 3820 2988 3874 ergo
3023 3807 3404 3860 mundissimus
3437 3821 3583 3862 extra
3626 3824 3706 3863 ca-

2153 3901 2280 3955 stra,
2317 3893 2428 3958 ipse
2457 3900 2537 3945 est
2573 3894 2775 3946 animus
2818 3893 3077 3962 justorunt
3109 3912 3172 3950 ex
3204 3897 3305 3950 hac
3339 3898 3448 3951 vita
3481 3900 3710 3952 subla‘o-

2156 3997 2291 4046 rum,
2334 3994 2385 4036 et
2432 3984 2483 4036 in
2522 3984 2621 4036 alia
2663 3986 2768 4035 vita
2808 3986 3166 4052 gaudentium.
3217 3987 3272 4041 In
3319 4004 3428 4054 quo
3468 3990 3707 4043 videlicet

2177 4086 2272 4125 oco
2305 4072 2437 4149 cinis
2477 4073 2767 4126 holocauin
2809 4089 2973 4141 usque
3000 4079 3063 4130 ad
3105 4076 3333 4130 favillam
3364 4079 3708 4140 consumitur,

2157 4177 2274 4216 cum
2325 4163 2392 4216 ita
2461 4164 2546 4216 ubi
2590 4180 2806 4232 (sperum
2873 4167 3129 4220 bonorum
3183 4183 3388 4222 merces
3449 4172 3706 4232 redditur,

2159 4261 2214 4304 ut
2259 4253 2407 4305 labor
2450 4255 2622 4307 omnis
2668 4253 2732 4306 ad
2783 4255 3042 4321 integrum
3097 4268 3528 4321 consummatur;
3568 4258 3707 4326 juxta

2162 4343 2287 4396 illud
2315 4344 2659 4413 Apocalypsis
2698 4346 2863 4398 sancti
2888 4345 3127 4411 Joattnis,
3180 4349 3265 4414 qui
3306 4363 3428 4402 cum
3458 4351 3527 4404 de
3565 4351 3708 4405 retri-

2162 4433 2376 4487 butione
2412 4435 2743 4501 pmtniorum
2767 4434 2981 4489 dixisset
3011 4453 3022 4487 :
3054 4434 3184 4490 Ecce
3212 4437 3596 4492 tabernaculum
3626 4440 3711 4494 Dei

2161 4537 2273 4574 cum
2313 4523 2611 4588 hominibus,
2647 4535 2691 4576 et
2725 4524 2967 4578 habitabit
3010 4541 3121 4578 cum
3160 4527 3252 4589 eis,
3285 4538 3330 4580 et
3371 4529 3470 4594 ipsi
3506 4531 3712 4598 papulas

506 4614 794 4681 juscunque
838 4612 1014 4674 electi,
1046 4611 1132 4678 qui
1163 4609 1393 4675 seipsum
1436 4615 1622 4670 t0tum,
1652 4617 1703 4659 et
1730 4623 1887 4660 carne
1917 4610 2060 4661 vide-
2090 4597 2140 4655 υ
2166 4613 2276 4680 ejus
2317 4622 2483 4678 erunt,
2515 4624 2560 4666 et
2604 4616 2707 4682 ipsa
2731 4613 2974 4668 Dominus
3018 4633 3130 4669 cum
3166 4618 3236 4669 eis
3262 4618 3353 4670 erit
3385 4635 3566 4673 eorum
3585 4619 3715 4674 Das

509 4703 630 4754 licet
674 4711 726 4756 et
762 4701 944 4766 corde,
989 4701 1094 4753 Deo
1135 4708 1369 4762 voverat,
1416 4713 1546 4765 opus
1591 4700 1782 4752 bonum
1833 4701 2062 4752 fervente

509 4791 787 4843 tharitatis
825 4791 942 4856 igne
989 4791 1240 4854 patratur.
1289 4786 1436 4848 Quod
1469 4795 1573 4838 tota
1615 4788 1669 4839 tlt
1717 4796 1870 4841 note
1901 4805 2063 4856 usque

515 4895 691 4942 mune,
718 4893 835 4931 cum
864 4877 979 4943 quis
1003 4882 1114 4925 toto
1141 4883 1262 4924 vita:
1290 4872 1445 4940 hujus
1469 4883 1720 4940 tempore,
1749 4893 1910 4943 usque
1939 4879 2062 4929 dum

518 4977 700 5031 t-apzus
743 4978 773 5017 e
800 4976 1040 5031 corpore,
1085 4960 1241 5012 futuri
1270 4975 1422 5013 mane
1452 4962 1629 5014 s;t~culi
1658 4962 1831 5016 videre
1860 4981 2068 5019 merue-

515 5057 629 5117 rit,
675 5054 824 5107 bostis
869 5053 1112 5106 insistere
1161 5064 1262 5102 non
1307 5059 1480 5101 cessat
1522 5053 1782 5117 operibus.
1835 5053 1974 5122 Ignis
2005 5071 2067 5107 ea:

516 5142 688 5196 eodem
724 5140 876 5191 altari
919 5140 1048 5203 erit;
1092 5139 1211 5206 quia
1258 5137 1343 5188 illa
1392 5139 1557 5190 solum
1607 5140 1878 5202 charuate,
1911 5126 2064 5208 quam

521 5232 767 5285 Ecclesia:
794 5241 904 5279 suae
927 5226 1173 5279 Dominus
1205 5241 1295 5293 per
1315 5226 1566 5293 Spiritum
1598 5238 1832 5280 sanctum
1865 5230 2065 5292 tribuit,

522 5319 706 5371 ardere
752 5317 1022 5369 debemus.
1069 5314 1299 5382 Dunique
1349 5319 1439 5370 lilii
1486 5323 1675 5383 Aamn,
1727 5323 1846 5388 quia
1892 5325 2063 5390 ignem

523 5408 750 5466 alienum
785 5406 1003 5459 Domino
1034 5405 1249 5468 olIerrc,
1280 5414 1334 5458 et
1377 5423 1478 5459 non
1517 5425 1632 5462 eum
1663 5414 1750 5479 qui
1794 5415 1956 5467 semel
2002 5415 2066 5470 de

522 5497 658 5549 cmlo
694 5495 844 5548 datus
869 5505 970 5560 est,
999 5497 1292 5561 voluerunt,
1325 5512 1444 5550 mox
1486 5503 1600 5566 igne
1636 5507 1836 5559 cmlcsti
1864 5521 2069 5574 perem-

462 5585 598 5652 4d
645 5584 967 5652 sunt;'quia
1013 5586 1258 5640 nimirutn
1292 5591 1587 5658 quicunque
1627 5610 1780 5662 apt-ra
1829 5600 2064 5653 caelestia

525 5690 629 5728 non
671 5675 902 5729 cmlcstis
948 5677 1238 5730 intentione
1280 5684 1574 5748 mercedis,
1621 5688 1709 5742 sed
1763 5690 2064 5758 temporalis

527 5764 717 5823 intuitu
766 5768 978 5836 favoris,
1009 5780 1098 5825 aut
1127 5776 1382 5829 commodi
1431 5778 1645 5848 faciunt,
1679 5787 1933 5840 sententia
1976 5787 2067 5842 ira:

2165 4707 2344 4772 (Apoc.
2371 4705 2480 4771 xxt)
2499 4723 2513 4762 ;
2535 4708 2780 4759 continuo
2809 4707 2874 4760 de
2901 4707 3186 4760 abolitione
3215 4708 3456 4764 laborum
3481 4713 3712 4766 muniunt

2164 4792 2409 4860 subjecit,
2458 4805 2612 4861 atque
2657 4796 2764 4847 ait:
2811 4794 2873 4846 Et
2916 4794 3160 4866 absterget
3203 4796 3599 4870 Desinamus
3641 4805 3714 4855 tl-

2166 4899 2385 4952 crymum
2408 4887 2469 4937 ab
2502 4887 2660 4937 oculis
2692 4902 2882 4950 eorum,
2905 4897 2951 4938 et
2979 4904 3114 4942 mors
3145 4892 3275 4942 ultra
3305 4909 3406 4945 non
3430 4895 3548 4958 erit,
3571 4911 3718 4965 neque

2168 4974 2346 5056 luctus,
2391 4992 2545 5043 neque
2581 4977 2809 5029 clamor:
2867 4994 3024 5047 neque
3061 4982 3207 5032 dolor
3245 4985 3360 5046 erit,
3404 4987 3527 5050 quia
3565 4991 3720 5055 prius

2172 5067 2398 5118 abierunt
2428 5065 2634 5132 (Ibid).
2669 5068 2735 5118 Et
2764 5070 2882 5134 quia
2913 5083 3156 5122 cessante
3176 5084 3396 5137 operum
3426 5075 3614 5132 labore
3636 5078 3719 5131 bo-

2171 5173 2383 5220 norum,
2414 5162 2525 5225 ipsa
2555 5158 2806 5224 Charitas,
2863 5175 2952 5225 per
2981 5177 3137 5226 quam
3163 5165 3553 5236 opct‘abantur,
3599 5181 3719 5223 an-

2169 5261 2323 5313 quam
2354 5249 2600 5312 cessabit,
2632 5245 2737 5300 imo
2759 5247 3060 5315 ﬂagrantior
3080 5255 3411 5319 exardescet,
3438 5274 3564 5310 cum
3594 5259 3719 5323 hac,

2170 5352 2324 5402 quem
2357 5338 2646 5406 diligimus,
2677 5339 2726 5389 in
2759 5349 3015 5392 internum
3047 5341 3350 5395 videbitur:
3407 5359 3558 5403 recte
3601 5348 3718 5404 sub-

2124 5494 2134 5504 ,
2172 5426 2336 5489 ditur,
2371 5425 2507 5493 Ignis
2528 5436 2700 5478 autem
2733 5425 2784 5478 in
2815 5428 2966 5480 altari
2994 5445 3201 5499 semper
3227 5433 3457 5488 ardebit.
3485 5434 3550 5491 Et
3573 5439 3722 5506 paulo

2173 5527 2308 5582 post,
2344 5516 2478 5584 Ignis
2504 5525 2585 5568 est
2614 5516 2712 5568 istc
2749 5531 3055 5586 perpetuus,
3087 5522 3176 5589 qui
3219 5538 3488 5588 nunquam
3513 5527 3720 5585 deﬁciet

2172 5607 2237 5658 de
2262 5605 2431 5658 altari.
2481 5604 2854 5660 Cousutnmato
2880 5624 3010 5679 ergo
3039 5627 3206 5679 usque
3240 5615 3308 5666 ad
3353 5612 3598 5670 favillam
3631 5615 3720 5672 ba-

2175 5697 2426 5759 locausto,
2480 5697 2611 5766 ignis
2659 5713 2920 5767 nunquam
2966 5703 3032 5757 de
3077 5705 3227 5758 altari
3279 5703 3537 5772 deﬁciet;
3581 5711 3716 5778 quia,

2175 5790 2452 5858 absumpto
2511 5790 2742 5859 perteue
2792 5795 2933 5851 omni
2985 5812 3179 5867 genere
3231 5796 3553 5867 laboraudi,
3611 5801 3717 5875 sola
