3898 6260
125 406 230 460 453

1008 399 1094 456 DE
1132 397 1637 454 TADERNACULO
1679 398 1764 452 ΕΤ
1810 397 2002 453 V'ASiS
2044 397 2206 453 EJUS
2243 398 2367 452 LIB.
2407 400 2470 456 ll.

3258 405 3352 468 ιδι

123 517 357 570 cliaritss
381 521 634 582 perpetuo
681 521 734 565 et
763 525 1028 578 nunquam
1075 500 1460 580 exstinguenda
1493 510 1686 580 ﬁagra-
1713 495 1759 549 Α
1789 523 1866 570 ter
1895 516 2108 584 ﬁguram
2139 524 2317 569 tenent
2347 517 2641 583 doctorum,
2671 518 2755 584 qni
2796 526 3040 586 tauquam
3082 521 3252 590 ignem
3285 525 3351 579 ile

127 609 227 662 bit.
286 608 406 660 llaec
434 606 500 658 de
547 604 661 672 lege
687 603 976 656 holocauin
1009 602 1162 656 latins
1215 603 1443 655 diximus
1475 611 1686 668 propter

128 699 329 751 lebetas
355 695 557 758 altaris,
608 692 694 761 qui
725 693 790 746 ad
823 693 1183 760 suscipiendos
1227 695 1436 744 cineres
1485 692 1684 744 hostia—

120 804 242 843 rum
275 788 383 842 ﬁeri
409 785 746 855 jubebantur.
799 783 1020 836 Lebetes
1064 797 1190 850 ergo
1233 783 1439 835 cineres
1470 792 1688 834 sanctos

126 877 443 944 suscipiunt,
471 891 589 929 cum
621 874 804 928 ﬁdeles
845 873 1057 941 quique,
1099 873 1183 926 vel
1228 871 1468 940 exempla
1497 886 1558 924 ac
1605 885 1688 924 sa-

123 977 398 1023 cramenta
433 966 722 1021 Dominica:
758 964 1044 1032 passionis,
1071 963 1135 1016 ad
1168 963 1459 1017 custodiam
1492 964 1571 1016 sui
1606 961 1686 1030 pia

125 1070 306 1114 mente
335 1065 657 1118 retractant,
707 1056 790 1109 vel
833 1064 982 1108 certe
1027 1057 1226 1110 exitum
1278 1055 1686 1124 praecedentium

120 1152 386 1220 iustorum
429 1149 714 1217 diligenter
751 1147 1035 1216 aspiciunt,
1091 1148 1178 1214 qni
1227 1147 1432 1214 magnis
1461 1161 1556 1215 pro
1588 1147 1688 1199 Do.

125 1239 274 1294 mino
304 1239 585 1294 elaboratis
615 1238 890 1307 agonibus,
923 1251 1062 1290 nunc
1108 1251 1264 1290 cursu
1292 1248 1686 1302 consummato,

127 1330 198 1385 de
232 1337 479 1397 percepto
504 1327 612 1397 jam
645 1328 825 1380 bravio
852 1327 964 1378 sine
997 1325 1101 1380 ﬁne
1132 1329 1394 1390 limantur,
1427 1337 1689 1394 quatenus

125 1421 481 1474 consideratis
509 1421 766 1488 majorum
797 1418 1100 1485 virtutibus,
1153 1428 1204 1472 et
1235 1419 1334 1488 ipsi
1365 1420 1538 1490 lnagtti
1572 1419 1686 1474 ﬁeri

123 1513 358 1578 possint,
404 1509 557 1580 juxta
600 1521 918 1578 prmceptum
952 1511 1213 1578 Apostoli,
1259 1511 1526 1564 dicentis:
1581 1510 1692 1562 Me-

125 1611 344 1654 mentote
371 1601 760 1670 prmpositorum
789 1613 1090 1663 uestrorum,
1113 1602 1194 1668 qui
1221 1601 1356 1654 vobis
1389 1603 1545 1654 locuti
1574 1612 1690 1655 sunt

125 1690 334 1742 verbum
358 1689 473 1753 Dei,
516 1706 729 1762 quorum
770 1691 1020 1742 intuentes
1050 1692 1236 1742 exitum
1272 1693 1685 1755 conversationis,

120 1779 396 1832 imitamini
417 1778 568 1845 [idem
590 1763 776 1847 (Hebr.
813 1777 947 1846 xui).
984 1774 1334 1835 Postlcbetas
1362 1792 1560 1845 amem,
1591 1779 1689 1833 for-

125 1869 277 1936 cipes
320 1880 476 1936 atque
526 1867 795 1920 fuscinulte
821 1904 836 1929 ,
891 1878 943 1920 et
973 1867 1165 1936 ignium
1219 1871 1546 1934 receptacula
1579 1869 1690 1923 ﬁeri

129 1967 260 2010 sunt
285 1957 453 2024 jusSa.
504 1955 758 2022 Forcipcs
788 1956 851 2008 ad
880 1956 1264 2010 emendandum
1305 1958 1487 2011 altaris
1520 1959 1690 2027 ignent

135 2048 255 2101 ﬁeri
285 2047 480 2100 debere
500 2045 820 2100 credendum
853 2056 951 2098 est.
987 2045 1134 2101 Unde
1166 2062 1258 2114 per
1279 2063 1368 2099 eos
1399 2055 1543 2104 recte
1571 2063 1690 2100 san-

125 2137 204 2193 cti
240 2138 616 2207 prazdicatores
643 2138 1027 2206 designantur,
1082 2140 1166 2204 qui
1219 2142 1387 2204 ignem
1437 2141 1487 2192 in
1544 2141 1695 2196 nobis

124 2229 429 2293 clraritatis,
463 2228 610 2296 quasi
644 2229 693 2281 in
726 2231 872 2281 altari
901 2230 1009 2295 Dei,
1043 2230 1335 2283 accendere
1364 2230 1473 2282 suis
1502 2232 1696 2284 exhor-

127 2318 422 2372 tationibus
464 2320 656 2372 solent.
702 2319 938 2384 Namque
987 2322 1035 2372 lii
1087 2322 1231 2375 velut
1281 2320 1493 2389 geinino
1540 2321 1698 2375 dente

126 2410 384 2477 forcipes.
422 2411 485 2463 ad
532 2411 670 2463 hunc
730 2412 902 2477 ignem
952 2412 1342 2464 accendendum
1395 2413 1600 2465 titiones
1643 2411 1696 2466 in

127 2500 286 2553 altari
331 2501 930 2568 componuntzquando
978 2502 1228 2554 consonis
1277 2502 1550 2569 utriusque
1600 2501 1700 2556 Te-

125 2587 383 2642 stamenti
417 2601 513 2640 nos
546 2589 749 2657 paginis
794 2590 1094 2656 instituunt,
1126 2598 1178 2644 et
1206 2590 1413 2659 eloquia
1461 2592 1698 2645 veritatis

134 2678 194 2732 in
227 2687 406 2730 nostro
435 2679 617 2737 corde.
646 2678 835 2747 quibus
865 2679 1090 2746 amplius
1119 2679 1182 2732 ad
1216 2691 1531 2736 arternorum
1564 2680 1702 2736 desi-

130 2766 283 2820 deria
332 2766 747 2832 innamrnentur,
799 2768 1080 2820 collocant.
1148 2768 1235 2820 Vel
1288 2779 1433 2824 certe
1482 2769 1701 2842 forcipe,

129 2855 329 2922 duplici
357 2854 604 2908 videlicet
646 2857 984 2920 ferramento,
1019 2857 1323 2910 sacerdotes
1360 2860 1529 2928 ignem
1571 2862 1702 2913 alta-

135 2946 220 2999 ris
249 2943 554 3008 emendant,
585 2959 706 2998 cum
754 2946 806 2998 in
848 2946 1096 3000 omnibus
1140 2963 1257 3014 qua
1285 2949 1471 3002 docent
1518 2951 1702 3019 przedi-

132 3044 350 3089 calores
379 3038 576 3102 sancti,
605 3038 852 3090 virtutem
883 3037 1034 3091 nobis
1063 3040 1286 3104 gemina:
1324 3040 1437 3093 clraa
1457 3043 1596 3094 itatis
1626 3046 1703 3095 in-

135 3125 380 3188 fundere,
412 3135 464 3179 et
499 3125 655 3192 hujus
684 3128 851 3196 gratia
895 3142 991 3181 nos
1021 3128 1206 3182 ardere
1251 3129 1404 3182 simul
1436 3141 1488 3182 et
1527 3131 1704 3185 lucere

137 3216 473 3284 praecipiunt.
521 3215 842 3283 Fusciuulte,
886 3233 1004 3285 quae
1037 3217 1220 3272 Graece
1260 3235 1513 3274 vocantur
1552 3235 1704 3274 crca-

133 3321 273 3374 grte,
297 3308 360 3358 ad
396 3307 492 3359 hoc
525 3306 576 3358 in
604 3306 894 3361 ministerio
930 3307 1253 3359 habebantur
1282 3308 1486 3369 altaris,
1512 3321 1564 3361 ut
1595 3325 1708 3362 car-

139 3411 242 3451 nes
273 3395 601 3450 victimarum
637 3411 729 3463 per
771 3411 862 3451 eos
910 3396 975 3450 de
1016 3396 1260 3450 ta'datiis
1299 3408 1465 3452 coctw
1505 3399 1709 3466 profer-

137 3498 346 3551 rentur,
399 3495 558 3551 atque
604 3487 666 3539 ad
715 3501 862 3538 esum
907 3501 1086 3539 eorum
1136 3487 1225 3555 qui
1261 3487 1342 3541 his
1380 3499 1531 3541 e:ant
1585 3490 1706 3542 reﬁ-

135 3577 318 3630 ciendi
361 3577 692 3630 afferrentur.
753 3578 986 3641 Quarum
1040 3591 1163 3630 usus
1209 3593 1356 3646 aeque
1405 3587 1706 3631 sanctorum

141 3667 548 3736 pradicatorum
582 3669 758 3733 ligura'
785 3669 1046 3734 congruit,
1072 3683 1292 3734 qttornm
1323 3670 1596 3721 ministerii
1629 3678 1708 3722 cst

139 3758 352 3810 animas
379 3756 610 3810 ﬁdelium
639 3757 803 3810 verbo
831 3756 945 3809 ﬁdei
997 3760 1234 3820 reticere,
1277 3765 1331 3810 et
1376 3762 1526 3824 juxta
1557 3775 1708 3827 regu-

141 3847 252 3898 lam
283 3843 587 3910 apostolica:
615 3843 946 3897 discretionis
964 3884 979 3906 ,
1008 3846 1217 3897 rudibus
1244 3845 1415 3899 adhuc
1442 3847 1707 3917 discipulis

135 3933 476 3994 rationabile,
510 3943 554 3986 et
593 3935 702 3986 sine
740 3935 857 3987 dofo
903 3935 981 3986 lac
1011 3935 1256 3988 doctrina:
1291 3937 1534 4006 simplicis
1565 3939 1708 3992 adhi-

138 4030 281 4090 bere,
311 4025 696 4093 perfeuioribns
725 4035 887 4078 autem
917 4027 1132 4078 solidum
1166 4028 1328 4080 cibum
1359 4032 1600 4084 doctrina:
1629 4049 1709 4083 su-

139 4114 397 4167 blimioris
426 4112 778 4181 ministrare(l
800 4112 942 4165 Pelr.
960 4116 1043 4182 tt).
1080 4115 1371 4183 Quicunque
1387 4119 1516 4170 enim
1532 4135 1706 4171 sacra-

139 4218 315 4259 sumta
341 4206 527 4261 Christi
553 4206 833 4258 summatim
877 4221 1162 4272 agnoscere,
1205 4217 1350 4273 atque
1381 4209 1448 4258 ad
1474 4210 1707 4260 inritatio-

145 4312 267 4349 srem
295 4295 547 4364 suscipere
577 4305 777 4356 norunt,
803 4294 854 4345 hi
880 4295 1023 4361 quasi
1051 4295 1282 4348 carnibus
1310 4296 1486 4372 Ιιοξβὶω
1518 4299 1707 4350 saluta-

137 4389 218 4439 ris
258 4386 432 4451 refecti
457 4386 708 4438 satiantur
734 4383 918 4452 (Hebr.
950 4384 1022 4451 v).
1049 4384 1110 4436 Et
1155 4385 1275 4451 quia
1322 4385 1596 4438 doctorum
1628 4393 1709 4438 est

138 4477 521 4546 spiritualium,
549 4489 666 4540 qua:
689 4477 877 4540 cuique
910 4487 1144 4539 persciia:
1173 4474 1421 4561 mysteria
1451 4475 1707 4527 audienda
1736 4509 1784 4568 υ

138 4568 504 4628 coiumittant,
537 4565 878 4618 solertissime
915 4562 1245 4623 discernere;
1291 4547 1434 4618 recie
1477 4563 1701 4619 fuscinu-

140 4660 228 4712 las
282 4658 452 4710 facere
493 4655 770 4720 jubebatur
814 4651 1175 4705 sacerdotibus
1222 4652 1428 4721 Moyses
1455 4694 1471 4719 ,
1521 4657 1707 4722 quibus

137 4761 335 4803 carnes
377 4744 688 4804 hostiarum,
739 4751 892 4808 prout
941 4743 1250 4808 oportuerit,
1279 4751 1622 4808 componant,
1656 4753 1709 4798 ct

139 4839 255 4894 alia
299 4835 510 4904 quidem
554 4831 883 4894 hominibus,
928 4830 1019 4884 sed
1068 4833 1273 4886 mundis
1301 4833 1507 4886 edenda
1552 4836 1710 4887 oller-

141 4906 168 4984 ί
179 4941 294 4991 ent,
313 4929 412 4982 alia
431 4939 555 4980 vero
577 4922 759 4976 altaris
782 4922 988 4988 ignibus
1010 4923 1366 4976 consumenda
1384 4925 1707 4990 relinquant:

142 5021 275 5088 quia
315 5026 438 5071 sunt
477 5017 530 5069 in
564 5013 736 5066 verbis
771 5011 860 5065 Dei
907 5012 1175 5074 nonnulla,
1219 5027 1336 5079 qua:
1382 5023 1575 5066 nostrai
1606 5016 1706 5067 hu-

144 5101 364 5163 utilitati
397 5108 653 5172 revelare,
687 5107 751 5160 ad
783 5116 976 5161 nostras
1005 5106 1190 5175 epulas
1235 5104 1534 5159 refectionis
1573 5118 1731 5158 ωτι-ι·

144 5195 351 5250 cedere
392 5194 637 5263 dignatus
679 5207 760 5250 est
789 5214 800 5248 :
832 5204 955 5250 sunt
1003 5198 1126 5249 item
1165 5195 1265 5248 alia
1299 5205 1453 5246 tanta:
1493 5193 1707 5262 profun-

143 5283 356 5346 ditatis,
385 5297 504 5350 qua:
542 5285 706 5336 sancti
733 5285 958 5350 Spiritus
990 5283 1321 5339 solummodo
1360 5283 1587 5337 scientiae
1615 5299 1709 5350 pa-

147 5379 324 5434 teant,
359 5380 554 5423 nostra:
583 5385 706 5424 vero
739 5375 1043 5438 capacitatis
1067 5389 1160 5441 per
1197 5374 1374 5425 omnia
1411 5385 1708 5424 mensuram

144 5462 546 5517 transcendant.
596 5460 758 5513 Porro
803 5464 995 5529 ignium
1028 5464 1356 5532 receptacula
1385 5463 1449 5516 ad
1482 5463 1579 5514 hoc
1611 5463 1711 5516 de-

141 5559 333 5625 putata
359 5557 504 5612 sunt,
533 5558 588 5602 ut
619 5565 710 5615 per
739 5551 850 5604 haec
879 5554 1012 5620 ignis
1041 5564 1254 5607 sanctus
1280 5557 1344 5606 ab
1373 5553 1526 5605 altari
1561 5553 1708 5604 holo-

140 5641 320 5696 causti
364 5641 428 5695 sd
470 5640 633 5692 altare
679 5639 1036 5706 thymiamatis
1075 5659 1293 5711 vespere
1335 5651 1391 5696 et
1425 5658 1606 5708 mane,
1643 5643 1709 5697 ad

145 5736 425 5789 incensum
456 5729 749 5802 ponendum
783 5729 1111 5800 deferretur;
1142 5749 1258 5805 qua:
1289 5744 1341 5790 ct
1369 5734 1498 5804 ipsa
1525 5746 1682 5804 paten

1788 606 1939 659 altari
1991 606 2420 660 holocaustorum
2487 610 2549 659 al
2611 607 2775 661 altare
2839 608 3083 664 deferunt
3133 615 3352 677 incensi,

1787 712 1907 750 cum
1937 712 2062 751 suos
2091 698 2282 750 docent
2309 696 2580 750 auditores
2608 697 2672 750 de
2696 697 2886 751 virtute
2918 714 3128 765 semper
3151 702 3217 754 ad
3251 705 3352 755 vir-

1788 793 1948 838 tutein
1996 785 2282 850 proﬁcere,
2335 785 2643 852 meritisque
2693 787 3050 841 crescentibus
3101 789 3350 851 paulatiu.

1789 875 1853 928 ad
1884 875 2069 928 altiora
2111 886 2165 928 et
2209 877 2462 929 interiora
2494 876 2683 928 divina:
2725 877 2943 930 visionis
2973 891 3162 930 arcana
3193 892 3352 945 pene-

1789 973 1949 1018 trare.
1985 965 2086 1019 Sed
2120 975 2174 1019 et
2204 980 2391 1019 omnes
2420 966 2508 1033 qui
2542 966 2795 1020 ferventia
2826 967 3018 1035 pietate
3047 968 3201 1020 corda
3233 983 3353 1036 pro-

1789 1059 2055 1112 ximorum
2093 1059 2332 1112 videntes
2383 1058 2576 1111 imitari
2623 1059 2897 1121 festinant,
2930 1062 3077 1127 quasi
3112 1070 3356 1126 recepta-

1789 1150 1910 1204 cula
1951 1150 2146 1218 ignium
2179 1150 2344 1215 ﬁunt;
2385 1151 2506 1218 quia
2531 1151 2799 1204 flammam
2827 1153 3058 1206 cmle~tis
3087 1154 3353 1218 sacriﬁcii,

1789 1254 1952 1308 quam
1994 1239 2043 1292 in
2075 1238 2322 1293 fraternis
2352 1240 2712 1308 conspiciunt,
2764 1241 2815 1293 in
2859 1243 2966 1293 suis
3011 1255 3217 1308 quoque
3264 1257 3357 1295 ac-

1789 1329 2015 1384 cendere
2041 1329 2306 1383 mentibus
2335 1337 2597 1397 satagunt.
2634 1333 2761 1395 Qua:
2800 1329 3045 1383 nimirum
3077 1342 3264 1385 cuncta
3292 1348 3356 1385 ex

1789 1435 1896 1474 :rre
1931 1436 2050 1474 vasa
2092 1423 2241 1485 ﬁunt,
2286 1436 2404 1475 cum
2443 1421 2660 1476 devotio
2690 1421 2920 1476 ﬁdelium
2958 1435 3358 1491 perseveranter

1790 1511 1982 1564 divinis
2020 1523 2169 1567 curat
2206 1511 2569 1566 obsecundare
2595 1513 2909 1581 prmceptis;
2953 1513 3035 1566 vel
3065 1518 3206 1566 certe
3239 1529 3356 1566 cum

1792 1601 1907 1665 hoc,
1939 1601 2075 1671 quod
2113 1604 2220 1670 ipsa
2249 1612 2389 1656 recte
2416 1604 2540 1671 agit,
2566 1601 2818 1668 proximis
2856 1617 3064 1672 quoque
3091 1605 3348 1670 agentium

1790 1693 1933 1745 clara
1959 1707 2084 1746 voce
2107 1692 2303 1746 sedul-.e
2331 1693 2718 1747 exhortationis
2744 1696 2972 1759 insonat,
3007 1706 3359 1762 arternamqne

1797 1799 2193 1853 nonnunquam,
2229 1793 2285 1838 ut
2328 1785 2520 1852 saepius
2562 1784 2758 1838 dictum
2788 1796 2887 1850 est,
2920 1794 2972 1840 et
3003 1795 3214 1854 propter
3245 1787 3362 1840 din-

1800 1873 2102 1926 turnitatem
2152 1888 2260 1927 sua:
2309 1874 2858 1940 incorrirptilrilitath,
2911 1877 3360 1943 perseverantiam

1797 1963 1986 2016 mentis
2009 1962 2259 2026 ﬁdelium,
2292 1972 2345 2018 et
2370 1973 2584 2032 propter
2610 1964 2900 2017 claritatem
2924 1963 3038 2018 soni
3074 1979 3198 2018 voce
3224 1964 3362 2018 solet

1797 2050 2072 2120 designare
2103 2050 2405 2104 doctorum.

2380 2161 2601 2217 CAPUT
2656 2161 2763 2216 XII.

1799 2247 2066 2302 Craticulw
2120 2250 2298 2303 altaris
2340 2252 2654 2370 IIOIOICOUJU,
2689 2251 2995 2304 annulorum
3039 2267 3100 2303 ac
3155 2254 3363 2307 uestiunt

2431 2323 2724 2370 tesrrmtio.

2431 2323 2724 2388 descriptio.

1869 2407 2173 2460 Cratini/ant
2193 2424 2388 2476 quoque
2407 2409 2457 2460 in
2479 2407 2682 2460 nudum
2704 2411 2821 2460 retis
2839 2420 3165 2472 a'neam,etc.
3189 2412 3366 2466 A'taro

1801 2494 2012 2563 quidem
2045 2505 2207 2548 totum
2241 2510 2424 2548 cavum
2455 2495 2568 2549 ﬁeri
2602 2507 2920 2562 pra-ceptum
2952 2509 3051 2560 est,
3087 2508 3138 2550 nt
3174 2500 3224 2552 in
3275 2517 3364 2553 sc-

1801 2587 2080 2654 quentibus
2109 2584 2439 2639 manifestius
2468 2587 2736 2640 edocetur.
2789 2588 2893 2641 Sed
2945 2589 2995 2640 in
3053 2591 3226 2643 medio
3280 2591 3364 2645 sui

1805 2673 2002 2729 habens
2030 2674 2333 2728 craticulam
2368 2690 2460 2743 per
2493 2684 2678 2740 totmn,
2710 2675 2760 2727 iu
2816 2677 3026 2729 modum
3079 2680 3206 2731 retis
3254 2680 3366 2733 dis-

1809 2766 2047 2830 tinctam,
2076 2766 2123 2817 in
2151 2781 2247 2834 qna
2282 2766 2608 2819 victimarum
2637 2781 2826 2820 carnes
2857 2769 3234 2823 comburendae
3266 2771 3364 2822 im-

1784 2863 2157 2923 ‘pouercntur;
2188 2841 2241 2907 et
2272 2855 2453 2908 subter
2475 2871 2590 2907 eum
2615 2857 2842 2920 arulam,
2864 2857 2914 2910 in
2937 2872 3037 2924 qua
3062 2859 3369 2925 compositis

1805 2942 1959 3010 lignis
1988 2941 2197 2994 arderet
2224 2942 2378 3008 ignis,
2397 2956 2608 3008 semper
2629 2943 2694 2994 ad
2714 2945 3013 2996 devoranda
3037 2949 3367 3012 superposita

1807 3030 2111 3084 holocausta
2141 3040 2368 3096 paratus.
2401 3030 2524 3083 Erat
2555 3033 2695 3085 enim
2726 3042 2908 3087 contra
2940 3034 3142 3087 arulam
3173 3037 3366 3090 ostium

1811 3123 1863 3176 in
1894 3122 2091 3190 pariete
2114 3122 2297 3176 altaris
2328 3123 2622 3188 orientalis,
2645 3125 2783 3178 unde
2813 3125 2892 3179 vel
2930 3125 3067 3193 ligna
3105 3126 3170 3179 ad
3227 3127 3366 3180 alen-

1807 3212 1929 3266 dum
1962 3213 2132 3281 ignem
2166 3213 2397 3275 immitti,
2431 3213 2510 3268 vel
2539 3215 2796 3270 carbones
2824 3224 2878 3269 et
2907 3218 3111 3270 cineres
3155 3228 3372 3284 possent

1808 3304 1971 3374 egeri,
2003 3303 2266 3371 quomodo
2307 3303 2357 3356 in
2391 3305 2584 3369 pictura
2623 3303 2924 3358 Cassiodori
2961 3309 3246 3374 senatoris,
3275 3324 3368 3362 cu-

1804 3393 1892 3460 jus
1922 3393 2033 3461 ipse
2059 3393 2108 3446 in
2148 3392 2480 3460 expositione
2510 3393 2840 3445 Psalmorum
2866 3397 3123 3459 meminit,
3152 3413 3369 3461 expres-

1807 3497 1924 3536 snm
1957 3483 2188 3535 vidimus
2221 3500 2232 3532 :
2267 3482 2317 3533 in
2350 3496 2449 3548 qua
2482 3479 2640 3534 etiam
2673 3483 2881 3547 utrique
2928 3483 3102 3545 altari,
3138 3495 3189 3536 et
3221 3487 3371 3537 lrnlo-

1806 3572 1974 3625 cansti
2010 3570 2252 3623 videlicet
2279 3577 2330 3623 et
2364 3571 2583 3634 incensi,
2611 3570 2770 3637 pedes
2793 3579 3016 3638 quatuor
3047 3573 3187 3626 iecit.
3211 3575 3364 3640 Quod

1807 3671 2084 3726 Utrumque
2107 3673 2252 3722 eum,
2281 3657 2417 3710 sicut
2444 3666 2499 3711 et
2542 3660 2861 3712 tabernaculi
2891 3669 2943 3713 et
2995 3665 3171 3729 templi
3228 3668 3371 3730 posi-

1810 3748 2004 3801 tionem
2025 3787 2040 3812 ,
2075 3764 2104 3799 a
2134 3747 2436 3802 doctoribus
2476 3748 2775 3802 Judteorum
2806 3751 3051 3806 didicisse
3103 3764 3366 3820 putanms.

1812 3839 1980 3893 liabet
2008 3855 2134 3909 ergo
2178 3840 2346 3894 altare
2378 3839 2467 3895 Dei
2499 3841 2672 3894 medio
2701 3840 2784 3894 sui
2827 3843 3157 3906 craticulam,
3185 3845 3250 3897 ad
3278 3861 3369 3898 su-

1810 3931 2083 3999 scipienda
2108 3935 2407 3986 holocausta
2437 3943 2704 4002 paratam;
2739 3935 2858 4001 quia
2887 3945 3183 4003 praeparant
3212 3938 3364 3991 electi

1813 4024 1986 4078 locum
2017 4025 2242 4079 Domino
2272 4027 2320 4078 in
2354 4027 2538 4079 intimo
2563 4027 2642 4078 sui
2683 4025 2855 4078 cordis
2891 4025 3103 4088 affectu,
3143 4028 3226 4080 ubi
3272 4029 3342 4082 de

1811 4125 1959 4167 votas
1981 4116 2029 4168 ei
2064 4115 2410 4184 cogitationes
2439 4115 2717 4165 collocenl.
2753 4112 2920 4166 llabet
2949 4117 3149 4166 arulam
3187 4116 3356 4169 subter

1811 4204 2153 4266 craticulam,
2184 4205 2233 4255 in
2283 4219 2382 4269 qua
2433 4202 2572 4270 ligna
2617 4211 2671 4255 et
2717 4203 2888 4270 ignem
2939 4205 3350 4258 holocaustorun

1809 4293 2089 4358 suscipiat;
2119 4295 2237 4360 quia
2265 4295 2445 4349 eadem
2481 4295 2590 4360 ipsa
2619 4294 2904 4349 electorum
2929 4294 3090 4348 corda
3124 4304 3351 4361 receptae

1808 4388 1980 4438 culum
2052 4385 2101 4438 in
2156 4400 2213 4440 se
2269 4396 2562 4454 przeparant
2618 4387 2819 4459 auditui
2873 4387 3153 4442 verborum
3208 4389 3361 4442 cretea

1811 4475 1992 4536 stium,
2017 4475 2204 4544 quibus
2226 4474 2486 4538 calefacti,
2514 4477 2617 4529 imo
2641 4474 3026 4532 etinﬁammati
3057 4491 3146 4544 per
3166 4476 3358 4528 donum

1809 4568 1976 4618 sancti
1999 4566 2248 4633 Spiritus,
2279 4574 2422 4634 grata
2453 4567 2558 4619 Deo
2588 4565 2819 4620 referant
2842 4575 2963 4619 vota
2989 4567 3363 4635 cogitationum

1809 4657 2030 4722 piarum.
2061 4655 2220 4722 Ligna
2245 4669 2472 4720 namque
2495 4655 2662 4706 arula:
2691 4655 2871 4707 altaris
2900 4658 3150 4707 sacerdos
3193 4656 3364 4723 impo-

1810 4746 1905 4805 nit,
1929 4756 2046 4794 cum
2076 4743 2265 4794 doctor
2294 4743 2516 4806 quisque
2538 4739 2959 4794 desiderantibus
2975 4753 3130 4810 atque
3160 4742 3367 4796 inhian-

1810 4844 1887 4884 ter
1914 4829 2273 4899 quaerentibus
2304 4830 2534 4882 fidelium
2567 4829 2831 4883 mentibus
2859 4839 3160 4884 sanctarum
3217 4835 3363 4887 testi-

1812 4925 1992 4977 monia
2034 4921 2441 4989 Scripturarum,
2472 4921 2664 4988 quibus
2688 4921 2912 4986 amplius
2940 4922 2991 4973 in
3017 4921 3120 4974 ﬁde
3146 4936 3210 4975 se
3229 4923 3369 4976 dile-

1813 5016 1987 5067 cuone
2016 5013 2409 5073 conﬁrmentur,
2444 5011 2650 5078 ingerit.
2683 5009 2842 5064 Addit
2887 5019 2943 5064 et
2983 5011 3145 5080 ignem
3187 5014 3364 5080 lignis,

1809 5119 1928 5157 cum
1977 5104 2302 5156 intellectum
2351 5100 2496 5152 verbi
2527 5111 2682 5167 atque
2709 5098 2995 5152 efﬁcaciam
3030 5100 3127 5166 pire
3175 5115 3369 5165 opera-

1813 5194 1970 5247 tionis
1995 5208 2021 5244 a
2058 5192 2165 5247 Deo
2195 5188 2531 5258 quaerendam
2561 5189 2763 5241 edocet.
2796 5188 3080 5254 Ardmtque
3125 5187 3266 5255 ligna
3314 5189 3366 5239 in

1809 5282 1980 5344 altari,
2015 5295 2133 5333 cum
2177 5277 2407 5331 cbariras
2455 5275 2543 5328 Dei
2578 5274 2882 5327 diﬁ‘unditur
2911 5275 2961 5326 in
2990 5273 3236 5327 cordibus
3270 5291 3366 5327 no.

1809 5371 1932 5423 stris
1961 5385 2055 5437 per
2076 5367 2324 5435 Spiritum
2343 5374 2600 5427 sanctum,
2616 5363 2701 5431 qui
2720 5362 2872 5413 datus
2895 5371 2976 5414 est
3003 5361 3174 5414 nobis.
3193 5367 3366 5431 Atque

1811 5457 1911 5511 hoc
1936 5458 2038 5525 igni
2068 5456 2450 5525 superpositum
2480 5453 2801 5506 consumitur
2824 5451 3206 5517 holocaustum,
3239 5468 3361 5507 cum

1812 5552 2051 5602 universa
2074 5564 2188 5616 qua:
2220 5550 2350 5602 bene
2373 5561 2526 5615 agere
2547 5543 2918 5612 dispesuimus,
2935 5543 3164 5595 donante
3193 5545 3362 5610 gratia

1811 5645 1976 5697 sancti
1997 5640 2248 5707 Spiritus,
2269 5657 2361 5709 per
2391 5640 2630 5693 virtutem
2660 5637 2954 5690 dilectionis
2986 5637 3092 5689 Deo
3119 5647 3354 5704 accepta-

1812 5735 1930 5790 bilia
1954 5734 2260 5792 redduntur.
2289 5736 2438 5794 Unde
2465 5737 2596 5792 bene
2616 5732 2888 5798 craticula,
2910 5749 3022 5798 qua
3051 5733 3358 5787 holocausta
