3898 6260
475 400 543 456 s'i'i
926 400 1124 456 llliD/E
1165 397 1615 454 VENERABILIS
1652 395 1930 451 OPEllUM
1976 395 2150 448 PARS
2190 395 2250 449 ll.
2293 423 2359 436 -—
2401 393 2792 450 EXEGETICA
2828 392 3144 449 GENUINA.

3541 396 3637 452 εδ

441 522 609 580 gerat,
636 511 800 566 instar
830 512 952 564 retis
979 511 1087 562 ﬁeri
1127 510 1420 577 pra-cipitur
1455 527 1466 560 :
1500 524 1603 576 quo
1650 523 1742 576 per
1769 509 1983 561 crebras
2013 512 2053 563 Α
2084 514 2338 572 quatenus
2364 508 2414 558 in
2441 517 2491 561 te
2518 508 2652 576 ligna
2685 510 2962 562 verborum
3006 507 3304 562 ςωιεςιῖαιη
3353 518 3411 563 οι
3456 509 3638 565 [maia

446 606 583 657 illius
619 611 887 667 aperturas
933 601 1065 666 ignis
1111 602 1435 666 suppositus,
1487 599 1550 650 ad
1598 594 1986 650 consumendas

445 706 629 744 omnes
653 690 935 743 hostiarum
964 697 1138 756 partes
1158 688 1323 740 libere
1350 697 1604 755 penetret.
1660 685 1748 738 Sic
1794 684 1987 738 ctenim

450 793 502 834 ιιι
528 786 742 834 omnino
787 795 1000 833 necesse
1047 789 1146 834 est.
1191 789 1247 830 ut
1293 792 1617 845 nequaquam
1671 776 1988 828 obdurentus

448 874 606 925 corda
639 882 837 933 nostra,
864 887 1034 939 neque
1058 872 1365 922 obserannis
1397 883 1542 920 more
1591 867 1986 934 Pelagianorum

447 962 698 1014 adversus
720 959 936 1029 gratiam
962 959 1082 1021 Dei;
1137 958 1229 1009 sed
1252 957 1527 1024 diligenter
1566 956 1862 1022 aperiamus
1903 968 1986 1015 ea,

450 1063 505 1106 et
530 1055 678 1120 quasi
711 1049 953 1120 plurimis
982 1049 1134 1102 simul
1180 1048 1448 1115 patefactis
1471 1047 1649 1116 januis
1696 1048 1787 1098 sed
1811 1045 1864 1099 lli
1908 1051 1991 1096 de-

454 1159 746 1209 precemur;
772 1152 829 1194 ut
857 1158 947 1210 per
972 1143 1145 1195 omnia
1191 1156 1308 1208 ιιιιςιε
1360 1140 1686 1202 inchoamus,
1711 1139 1792 1191 vel
1835 1151 1994 1203 agere

455 1234 814 1288 desideramus
835 1234 989 1299 bona,
1015 1233 1161 1300 quasi
1187 1248 1277 1294 per
1306 1232 1508 1300 singula
1533 1231 1853 1282 victiu-arnm
1880 1230 1994 1294 ejus

452 1324 635 1390 frusta,
667 1339 759 1377 sua
791 1339 886 1378 nos
916 1323 1272 1377 misericordia
1298 1321 1578 1383 illustrare,
1610 1330 1662 1373 et
1683 1319 1732 1372 in
1761 1333 1992 1372 amorem

451 1410 565 1478 ipse
595 1427 746 1464 suum
785 1411 1076 1465 accendere
1117 1410 1375 1478 dignetur.
1429 1406 1661 1476 Namque
1709 1405 1992 1476 Pelagiani,

455 1501 542 1567 qui
573 1501 687 1554 sine
712 1500 879 1568 gratia
914 1499 1004 1552 Dei
1037 1513 1094 1552 se
1141 1497 1331 1566 aliquid
1377 1495 1498 1548 boni
1549 1496 1802 1564 perlicere
1844 1507 1996 1561 pusse

460 1601 806 1660 praesumunt,
826 1605 928 1645 non
951 1591 1001 1644 in
1033 1589 1180 1642 altari
1205 1590 1279 1640 sui
1302 1587 1476 1641 cordis
1497 1586 1812 1639 niaculosam
1835 1585 1998 1637 instar

460 1682 587 1736 retis
619 1682 919 1734 craticulam
944 1680 1046 1748 igni
1077 1695 1231 1733 sacro
1273 1686 1664 1746 supcrpoiiuot;
1713 1675 1802 1726 sed
1850 1673 1998 1740 quasi

466 1774 720 1840 parietem
749 1755 918 1840 potius
965 1769 1188 1824 solidum
1233 1769 1372 1820 inter
1411 1781 1469 1820 se
1515 1773 1568 1818 et
1616 1764 1786 1831 ignem
1833 1758 1999 1813 sancti

2088 596 2333 648 virtutum
2353 596 2521 650 laeum
2542 598 2744 664 possint
2757 597 2949 651 habere
2959 597 3098 649 sullit
3111 596 3639 666 ientem.Capiasquc

2090 686 2348 738 ﬂammam
2372 686 2536 739 sancti
2559 688 2802 755 Spiritus,
2828 701 2928 754 qua
2951 688 3135 740 eadem
3185 685 3370 739 hostia:
3420 685 3640 740 Domino

2085 784 2478 839 consecretttttr,
2506 785 2560 827 et
2584 775 2650 827 ad
2679 775 2833 829 ﬁnem
2868 775 3204 842 perfecti-nnis
3254 774 3470 828 ﬁrmum
3519 791 3640 844 ρω-

2087 864 2366 918 ducantur.
2401 865 2496 920 Ubi
2520 875 2640 933 apte
2671 866 2722 918 in
2746 869 3082 920 conclusione
3103 867 3436 934 Sublungitur
3469 885 3482 917 :

2160 956 2300 1005 sicut
2330 955 2417 1006 tibi
2443 956 2494 1007 in
2541 966 2704 1007 monte
2745 964 3076 1007 monstratam
3123 965 3216 1007 est.
3270 955 3399 1007 Nam
3454 964 3642 1007 cuncta

2088 1059 2206 1112 qua:
2245 1045 2394 1100 nobis
2434 1049 2654 1114 mystice
2701 1050 2752 1100 in
2797 1049 2981 1101 altaris
3019 1059 3072 1101 et
3114 1050 3435 1102 tabernaculi
3488 1020 3645 1101 totius

2090 1137 2493 1198 constructione
2514 1136 2750 1189 facienda
2779 1139 3003 1206 signavit
3045 1138 3272 1208 Moyses,
3307 1141 3451 1206 prius
3483 1141 3532 1192 in
3563 1142 3646 1192 illa

2090 1225 2286 1277 cretein
2332 1225 2747 1289 conversatione,
2777 1227 2828 1277 in
2873 1240 2971 1293 qua
3016 1239 3137 1278 cum
3184 1226 3406 1280 Dmnino
3461 1229 3645 1280 diebus

2092 1317 2429 1385 quadraginta
2462 1318 2769 1382 permansit,
2801 1316 2935 1369 facta
2963 1332 2990 1368 a
3022 1319 3266 1385 supernis
3312 1319 3516 1370 civibus
3573 1319 3647 1368 in-

2093 1406 2297 1460 defessa
2344 1417 2398 1460 et
2447 1408 2661 1473 perenni
2724 1408 3099 1461 observatione
3147 1408 3421 1463 cernebat.
3471 1407 3651 1471 Neque

2093 1499 2234 1552 enim
2287 1498 2629 1551 dubitandum
2683 1508 2784 1560 est,
2835 1513 2954 1552 eum
3012 1498 3242 1564 potuisse
3293 1508 3418 1551 ante
3457 1498 3651 1550 solium

2098 1592 2187 1645 Dei
2237 1592 2414 1645 videre
2451 1591 2619 1644 altare
2666 1591 2789 1642 illud
2836 1602 3225 1644 sacrosanctum
3276 1590 3417 1658 quod
3472 1591 3651 1643 videre

2099 1684 2288 1735 meruit
2333 1682 2537 1746 Esaias,
2599 1683 2728 1735 vivis
2787 1682 3100 1734 carbonibus
3151 1684 3369 1735 interna:
3425 1687 3652 1735 cbarita-

2101 1774 2170 1824 tis
2203 1773 2562 1840 plenissimum
2593 1773 2792 1836 videre,
2813 1783 2868 1825 et
2891 1775 3112 1841 lurcipes
3132 1783 3343 1826 sanctos
3370 1771 3519 1842 (Esa.
3545 1779 3649 1840 vi);

459 1863 706 1928 Spiritus,
739 1858 1035 1928 nequando
1074 1856 1126 1908 in
1155 1857 1435 1908 dilectione
1472 1853 1733 1912 caleliant,
1765 1851 1997 1912 interpu-
2036 1867 2078 1925 Β
2103 1877 2232 1930 quos
2261 1863 2398 1916 idem
2442 1864 2571 1916 τίιιίι
2621 1863 2893 1931 Propheu’
2926 1873 2980 1916 ει
3030 1878 3252 1926 quorum
3307 1879 3411 1916 uno
3465 1868 3655 1917 Mer“

463 1961 613 2003 nunt.
640 1950 866 2014 Quatuor
895 1959 1067 2002 autem
1098 1945 1274 1998 annuli
1317 1945 1462 2005 ituri,
1511 1945 1597 2011 qui
1648 1957 1740 2009 per
1787 1939 2001 1992 totidem

471 2041 692 2093 aunulns
717 2039 896 2092 altaris
917 2039 1032 2092 lien
1063 2037 1334 2104 jubeutur,
1359 2043 1581 2103 quatuor
1619 2040 1738 2084 sunt
1768 2030 2005 2097 Evange-

464 2133 650 2184 liorum
682 2131 818 2193 libri,
847 2129 934 2198 qui
962 2141 1080 2196 apte
1109 2127 1318 2180 annnlis
1343 2125 1727 2183 assimilantnr,
1747 2124 1864 2191 quia
1897 2135 2008 2186 per-

466 2232 671 2290 petnant
701 2220 1025 2274 auditoribus
1047 2219 1156 2271 suis
1211 2231 1457 2271 coronam
1508 2215 1625 2267 vitm
1679 2209 2004 2280 promittunt.

466 2313 601 2379 Apte
629 2311 762 2364 truci
793 2318 948 2371 sunt;
978 2309 1094 2375 quia
1126 2309 1176 2358 ἕιι
1199 2324 1392 2360 omnem
1420 2320 1601 2358 terram
1653 2305 1802 2358 exivit
1859 2318 2009 2355 sanus

466 2415 661 2454 eorum.
691 2403 824 2468 Apte
853 2413 945 2464 per
993 2408 1212 2465 quatuor
1268 2396 1482 2464 angulos
1529 2394 1708 2448 altaris
1756 2392 1928 2460 positi,
1956 2401 2011 2444 ut

389 2506 391 2508 ·
470 2485 754 2542 Ecclesiam
785 2488 1012 2542 ﬁdelium
1041 2502 1130 2555 per
1157 2500 1340 2539 omnes
1356 2485 1531 2538 mundi
1556 2485 1732 2552 plagas
1746 2481 2010 2546 dill'usam,

469 2581 628 2634 verbo
653 2579 772 2633 lidei
795 2587 850 2634 et
867 2579 1100 2632 veritatis
1114 2575 1446 2631 conﬁrment.
1463 2577 1498 2626 Α
1511 2583 1595 2641 pte
1615 2573 1794 2625 subter
1809 2570 2011 2622 arulam

465 2673 644 2724 altaris
675 2671 858 2732 inlisi,
887 2677 943 2721 ut
988 2671 1192 2719 animos
1246 2664 1516 2718 humilium
1566 2659 1854 2714 munimine
1903 2671 2014 2711 sua

467 2759 841 2814 consolationis
866 2758 1118 2811 alleveut.

540 2850 724 2904 Facies
752 2860 799 2903 et
829 2859 980 2903 vectes
1007 2848 1184 2900 altaris
1227 2848 1294 2900 de
1339 2846 1492 2916 lignis
1537 2850 1680 2899 setius
1733 2845 1878 2908 duos,
1909 2851 2011 2897 etc.

471 2941 659 2995 \‘ectes
679 2940 868 3008 quibus
897 2939 1061 2990 altare
1087 2936 1408 3004 portabatur,
1435 2935 1688 2988 doctores
1732 2942 1852 2985 sunt
1885 2972 1900 2994 ,
1931 2929 2016 2998 qui

469 3037 705 3081 sanctam
735 3025 1020 3079 Ecclesiatn
1049 3024 1195 3092 quasi
1242 3029 1452 3090 portare
1478 3023 1668 3085 solent,
1691 3019 1813 3072 dum
1863 3019 2015 3071 tidem

470 3129 532 3168 ac
558 3122 885 3168 sacramenta
915 3112 1173 3177 veritatis,
1198 3113 1278 3166 vel
1309 3112 1385 3166 eis
1407 3111 1494 3180 qui
1537 3110 1840 3164 nesciebant
1879 3122 2014 3177 pra:-

2105 1953 2320 2020 angelus
2345 1951 2630 2006 carbonem
2660 1953 2729 2005 de
2755 1954 2904 2006 altari
2922 1993 2937 2015 ,
2963 1968 3068 2021 quo
3096 1952 3210 2021 ejus
3244 1954 3379 2006 labia
3407 1967 3654 2021 purgaret

2104 2043 2447 2111 ejusdemque
2473 2050 2637 2113 gratia
2665 2044 2913 2112 Spiritus,
2931 2061 3034 2110 quo
3062 2047 3234 2112 angeli
3259 2047 3655 2098 iullattttuantur

2103 2135 2169 2188 ad
2192 2135 2467 2188 amandum
2494 2149 2700 2203 semper
2731 2135 2892 2188 Deum
2919 2136 2968 2189 in
2999 2135 3169 2198 cmlis,
3191 2145 3242 2189 et
3272 2135 3574 2188 hominibus
3606 2136 3653 2188 ia

2108 2233 2266 2288 terra,
2295 2235 2344 2277 et
2370 2224 2702 2278 dimittuntur
2733 2235 2965 2291 peccata,
2989 2235 3042 2278 et
3065 2227 3312 2278 vietumm
3357 2224 3493 2276 dona
3533 2240 3661 2276 cor.-

2106 2313 2379 2367 cetluntur.
2412 2312 2587 2381 Itaque
2613 2315 2773 2365 altare
2794 2328 2976 2366 cavum
3008 2325 3062 2367 et
3088 2312 3242 2365 inane
3270 2313 3383 2366 ﬁeri
3418 2312 3656 2379 jubitar,

2107 2405 2244 2456 sicut
2273 2399 2435 2471 Moysi
2458 2403 2507 2455 in
2530 2412 2714 2467 monte
2730 2411 3075 2455 monstratum
3102 2410 3213 2462 est;
3242 2401 3366 2468 quia
3399 2401 3535 2455 situt
3568 2415 3614 2451 ax
3635 2426 3660 2441 -

2109 2494 2212 2562 geli
2241 2507 2302 2546 ac
2325 2493 2541 2560 spiritus
2562 2492 2823 2561 jnstorum
2856 2493 2907 2546 iu
2936 2492 3085 2546 ccclis
3111 2494 3256 2546 vacui
3279 2508 3306 2544 a
3335 2507 3412 2560 pe.
3432 2491 3583 2554 catis,
3610 2502 3660 2543 et

2113 2584 2252 2652 pleni
2279 2592 2401 2638 sunt
2421 2583 2628 2652 pietatis
2653 2599 2714 2638 ac
2740 2584 2975 2653 iustitiae,
3008 2585 3076 2637 ita
3103 2593 3157 2636 et
3184 2599 3281 2636 nos
3309 2590 3360 2635 in
3392 2593 3529 2637 terra
3569 2596 3660 2648 pro

2112 2676 2326 2732 modulo
2358 2685 2538 2729 nostro
2565 2677 2831 2731 declinare
2879 2691 2908 2728 a
2957 2679 3114 2738 ma'o,
3143 2685 3194 2729 et
3247 2676 3418 2727 facere
3471 2675 3657 2726 bonum

2114 2768 2384 2822 debemus.
2414 2767 2562 2833 Quod
2594 2768 2763 2835 ipsum
2811 2766 2942 2819 sicut
2985 2765 3435 2819 exhortatinuitut.
3475 2766 3660 2831 apertis

2115 2858 2288 2912 verbis
2307 2859 2554 2920 cmlesns,
2575 2858 2641 2909 ita
2663 2865 2718 2910 et
2737 2857 2970 2925 mysticis
2993 2856 3312 2910 tabernaculi
3338 2871 3396 2907 ai.-
3423 2870 3658 2906 vasorum

2114 2959 2171 3004 et
2189 2949 2618 3004 caeremoniarum
2648 2946 2764 3015 ejus
2785 2949 2904 3012 ligni
2919 2946 2962 2998 is
2985 2961 3194 3013 semper
3215 2960 3372 3012 agt-re
3392 2945 3656 2998 docemur.

2693 3034 2914 3090 CAPUT
2956 3034 3084 3086 χιιι.

2497 3127 2689 3180 Atrium
2725 3136 2771 3180 et
2811 3142 2930 3178 vasa
2957 3125 3283 3177 tabernaculi.

476 3206 734 3265 "iam"!
758 3202 838 3256 ⁷⁸1
864 3203 917 3256 i“
945 3202 1024 3254 eis
1051 3202 1139 3269 qui
1179 3201 1286 3268 iam
1317 3209 1574 3254 “meram
1609 3208 1663 3252 τι
1707 3205 2015 3267 acceperam
2043 3203 2088 3264 (ἶ
2190 3216 2239 3270 Γ
2240 3218 2372 3270 acies
2399 3227 2445 3270 et
2472 3219 2658 3268 atrium
2689 3215 3017 3278 tabernaculi,
3049 3226 3152 3267 etc.
3207 3212 3360 3267 Sicut
3400 3221 3453 3265 ct
3494 3218 3658 3262 sancta

473 3293 867 3357 coiitlrmantes,
891 3291 1159 3346 roborant.
1187 3291 1283 3354 Qui
1310 3291 1559 3356 quoniam
1590 3305 1691 3342 non
1744 3303 1838 3342 sua
1886 3303 2019 3355 pric-

475 3386 671 3449 dicaut,
701 3383 796 3436 sed
844 3397 907 3435 ea
953 3398 1066 3448 qua:
1113 3391 1233 3434 sunt
1275 3383 1398 3433 .lcsu
1441 3379 1654 3442 Christi,
1699 3393 1800 3430 non
1843 3378 2020 3429 doctas

479 3473 681 3528 fabulas
705 3472 894 3539 secuti,
919 3472 1011 3526 sed
1030 3472 1292 3539 cognitam
1315 3470 1516 3525 caalesti
1544 3470 1756 3522 oraculo
1779 3467 2019 3520 virtutem

480 3567 684 3619 Domini
717 3564 884 3619 nostri
914 3567 1106 3617 mundo
1139 3575 1312 3615 notam
1347 3564 1558 3616 iaciunt.
1587 3560 1722 3628 Apte
1744 3569 1940 3620 vectes,
1966 3567 2024 3611 ut
2049 3581 2052 3583 λ

483 3666 691 3720 portare
717 3664 908 3721 queant
927 3652 1398 3715 altare,tuiltuntur
1420 3652 1470 3703 itt
1495 3651 1719 3702 circulos
1741 3665 1754 3711 ;
1785 3647 2023 3702 vectibus

485 3760 708 3812 namque
725 3745 891 3796 altare
906 3743 1108 3795 [lumini
1133 3757 1222 3808 per
1234 3741 1457 3794 circulo:
1475 3750 1704 3807 portare,
1729 3751 1808 3792 est
1823 3737 2022 3792 sanctis

484 3837 786 3890 doctoribus
806 3835 961 3888 corda
983 3834 1209 3886 lideliutn
1226 3848 1322 3900 per
1340 3834 1495 3884 verba
1514 3833 1908 3900 evangelii,qua:
1929 3846 2025 3883 nec

487 3928 623 3980 ιταεΙο
651 3935 706 3979 et
735 3935 870 3977 terra
903 3923 1296 3978 transeuntibus
1319 3920 1680 3990 prmteribnut,
1705 3919 2028 3973 exhortando

483 4023 708 4086 erigere.
743 4015 853 4068 Duo
881 4023 1007 4067 sunt
1036 4022 1207 4065 autem
1241 4019 1517 4076 νιεοιεειιιι
1561 4011 1768 4079 utrique
1815 4011 2024 4077 populo,

482 4116 535 4158 ct
559 4107 743 4158 .lutlteo
797 4103 1038 4157 videlicet
1079 4108 1133 4154 et
1173 4101 1395 4168 gentili,
1433 4101 1648 4152 verbum
1699 4094 2027 4166 pra-"dicetur.

487 4199 632 4261 Quod
687 4198 856 4264 ipsum
907 4192 1246 4262 sequentibus
1291 4206 1498 4259 quoque
1537 4191 1709 4243 verbis
1755 4189 2028 4251 astruitur,

489 4302 604 4339 cum
635 4287 954 4338 subiufertur
977 4301 992 4336 :

564 4375 828 4444 Erantque
864 4391 927 4427 ea:
950 4383 1158 4441 utroque
1185 4375 1337 4425 latere
1359 4374 1553 4436 altaris,
1579 4383 1681 4425 ctc.
1711 4373 1871 4424 Erunt
1893 4373 2030 4425 enim

486 4469 762 4529 doctores,
807 4463 896 4533 qui
936 4463 1207 4526 Judzeatn;
1255 4471 1408 4514 erunt
1448 4464 1532 4527 qui
1590 4461 1930 4529 gentiltatcm
1983 4465 2031 4512 in

2119 3320 2421 3363 sanctorum
2453 3322 2590 3370 eam,
2620 3321 2736 3373 qua:
2759 3306 2809 3357 in
2838 3307 3000 3359 'cml‘s
3044 3312 3145 3369 est,
3173 3314 3371 3356 sauch
3425 3302 3660 3357 Etclcsix

2123 3410 2321 3466 partem
2349 3398 2641 3465 designant,
2675 3405 2728 3449 et
2760 3394 2902 3462 prius
2943 3394 3335 3447 tabernaculum
3389 3393 3657 3457 perlectam

2125 3489 2356 3542 ﬁdelium
2397 3489 2578 3552 vitam,
2606 3488 2655 3540 iu
2686 3487 2785 3540 boc
2819 3485 3072 3538 duntaxat
3109 3484 3302 3536 saeculo
3342 3498 3661 3536 commoran-

2124 3578 2252 3632 tium
2281 3579 2454 3648 typice
2485 3576 2789 3638 denuntiat;
2820 3577 2888 3628 ita
2916 3573 3105 3626 atrium
3139 3572 3506 3634 tabernaculi,
3533 3569 3660 3639 quod

2123 3665 2353 3720 exterius
2383 3675 2518 3726 erat,
2541 3663 2705 3732 prima
2734 3659 3091 3728 iucipientium
3124 3657 3417 3710 rudimenta
3459 3659 3660 3710 demou-

2123 3766 2275 3811 strat.
2306 3756 2452 3811 Unde
2481 3755 2616 3809 bene
2646 3753 2866 3806 tentoria
2889 3751 3125 3818 ejusdem
3153 3753 3271 3803 atrii
3301 3751 3370 3803 de
3401 3749 3556 3818 byssb
3582 3763 3658 3800 reo

2126 3854 2259 3899 torta
2287 3853 2439 3898 erant
2463 3843 2628 3906 facta;
2660 3841 2781 3910 quia
2816 3840 2981 3909 prima
3013 3840 3386 3907 incipientibus
3413 3854 3536 3893 cura
3574 3837 3666 3888 int-

2126 3935 2398 4002 pendenda
2419 3942 2519 3996 est,
2553 3941 2604 3983 ut
2636 3932 2908 3984 illecebras
2933 3931 3104 3982 carnis
3127 3929 3280 3981 simul
3311 3967 3327 3991 ,
3371 3937 3425 3981 et
3468 3927 3568 3992 spir
3588 3937 3664 3979 tus

2129 4021 2575 4088 refrenent.juxta
2609 4019 2735 4072 illud
2767 4019 3176 4086 Apestoli,quod
3207 4017 3274 4070 de
3300 4018 3421 4069 [iliis
3442 4015 3666 4082 adop'ioo

2130 4111 2211 4164 nis
2241 4111 2459 4176 loquens
2487 4107 2680 4176 adjecit
2713 4125 2725 4158 :
2770 4105 2880 4160 Has
2906 4108 3061 4175 igitur
3103 4105 3335 4157 [tabentes
3396 4105 3666 4176 promissio-

2129 4215 2232 4265 ttes,
2263 4199 2562 4260 cltart'ssimi,
2595 4198 2889 4249 mandemus
2918 4210 3009 4248 nos
3034 4198 3096 4246 ab
3125 4193 3262 4245 omni
3290 4195 3660 4260 inquinamento

2130 4291 2294 4344 carnis
2318 4299 2372 4344 et
2423 4289 2628 4356 spiritus
2666 4285 2762 4357 (11
2795 4285 2911 4339 Cor.
2940 4286 3062 4353 vtt).
3087 4356 3090 4357 ν
3112 4283 3304 4352 Byssus
3355 4299 3592 4352 namque,
3614 4291 3666 4333 ut

2132 4381 2322 4447 sacpius
2346 4389 2812 4433 commemoratum
2840 4379 3022 4443 est,de
3053 4388 3190 4430 terra
3219 4376 3401 4428 viridis
3429 4385 3662 4434 nasctur.

2135 4469 2226 4522 sed
2257 4479 2402 4522 eruta
2449 4468 2515 4520 de
2565 4478 2699 4518 terra
2749 4466 2996 4527 siccatur,
3028 4462 3389 4526 contunditur,
3420 4461 3662 4526 coquitur,

491 4575 646 4613 unam
674 4557 1020 4624 eamdemque
1046 4553 1162 4607 lidei
1191 4565 1410 4620 gnatam
1434 4565 1664 4602 consmio
1685 4566 1778 4604 ore
1801 4561 1850 4603 et
1872 4566 2027 4617 opere
2062 4534 2114 4594 Ῑ)
2139 4566 2426 4624 torquetur,
2452 4569 2512 4607 ac
2537 4567 2723 4620 magno
2753 4565 2802 4603 et
2829 4554 2980 4618 longo
3004 4549 3283 4609 exercitio,
3306 4548 3371 4599 ad
3399 4547 3663 4600 candidum

494 4648 770 4702 advocent.
805 4645 894 4700 Vel
917 4653 1060 4699 certe
1087 4658 1150 4697 ex
1183 4653 1404 4710 utroque
1426 4641 1587 4706 latere
1611 4641 1789 4691 altaris
1820 4640 1881 4690 ad
1910 4654 2026 4706 por-

497 4738 708 4788 taudum
762 4743 916 4788 erunt
963 4741 1159 4794 vectes,
1186 4748 1304 4783 cum
1353 4742 1554 4783 tuentes
1595 4727 1823 4780 lidelium
1869 4726 2032 4780 sancti

494 4829 880 4897 praedicatores,
907 4826 1040 4879 etin
1070 4823 1332 4891 prosperis
1370 4833 1422 4872 et
1473 4819 1522 4870 iu
1568 4817 1816 4880 adversis,
1848 4818 2030 4871 incon.

489 4933 694 4972 cassam
732 4926 908 4971 tenere
938 4918 1188 4968 virtutum
1215 4913 1562 4965 constantiam
1612 4907 1824 4971 docent,
1853 4923 1918 4962 ne
1949 4915 2038 4959 aut

491 5011 605 5063 lucc
635 5006 948 5061 blandiendo
984 5006 1257 5068 extollant,
1289 5013 1376 5054 aut
1398 4999 1483 5054 illa
1537 4997 1781 5052 tertendo
1825 5009 2040 5052 contur-

490 5103 632 5157 bent.
1922 5091 1924 5094 ’

565 5194 682 5247 Non
713 5189 955 5251 solidum,
989 5186 1075 5238 sed
1101 5186 1247 5236 inam
1271 5195 1315 5235 et
1345 5199 1538 5244 cauam,
1566 5193 1668 5236 etc.
1716 5177 1912 5232 Idcirco
1960 5177 2035 5228 al-

497 5293 609 5337 tare
632 5299 734 5334 non
763 5281 1008 5339 solidum,
1036 5278 1135 5328 setl'
1168 5276 1320 5326 inane
1363 5283 1417 5328 et
1459 5289 1641 5325 cavum
1689 5270 1799 5324 lieri
1847 5282 2039 5334 praece-

495 5382 638 5440 ptum
661 5383 760 5431 est,
789 5380 846 5422 nt
873 5382 954 5434 co,
975 5367 1141 5418 iosutn
1175 5364 1392 5415 baberet
1421 5362 1610 5421 locum,
1637 5362 1720 5413 ubi
1749 5359 1829 5412 vel
1859 5357 2030 5428 ignem

492 5468 904 5520 sacrosanctum,
935 5466 987 5510 et
1013 5458 1148 5524 ligna
1171 5456 1234 5508 ad
1265 5455 1456 5522 ignem,
1475 5453 1555 5503 vel
1586 5451 1887 5504 bolocmtsta
1917 5461 2034 5515 qua:

497 5555 614 5617 igne
641 5557 790 5602 erant
816 5549 1194 5606 consumenda,
1223 5545 1503 5612 reciperet.
1556 5539 1610 5592 lu
1659 5539 1808 5606 cujus
1851 5553 2033 5592 exem-

497 5641 660 5707 plum,
690 5648 746 5694 et
771 5649 845 5703 tu,
867 5638 912 5691 si
935 5639 1012 5689 vis
1036 5653 1152 5690 esse
1181 5637 1341 5689 altare
1394 5633 1506 5696 Dei,
1535 5629 1742 5684 esinaui
1788 5630 2032 5696 teipsmn,

494 5742 547 5787 et
571 5743 768 5785 evacua
791 5729 857 5782 ab
884 5727 1025 5782 omni
1056 5727 1362 5794 contagione
1411 5738 1582 5778 rerutn
1632 5720 2030 5786 mundanarum,

2133 4650 2200 4702 de
2231 4647 2383 4700 viridi
2407 4645 2711 4713 producitur
2739 4644 3002 4706 colorem;
3031 4643 3109 4694 sic
3155 4649 3208 4694 et
3247 4656 3372 4693 caro
3403 4654 3592 4702 nostra,
3617 4650 3666 4692 ut

2136 4737 2200 4789 ad
2224 4737 2469 4788 virtutem
2499 4734 2852 4797 decox-emque
2894 4729 3150 4783 castitatis
3201 4732 3490 4797 perueniat,
3522 4729 3666 4783 art-tis

2136 4839 2195 4878 se
2221 4837 2437 4879 necesse
2463 4832 2544 4875 est
2565 4819 2881 4888 ieiuniorum
2930 4818 3277 4884 orationibus,
3305 4819 3595 4888 vigiliarum
3620 4823 3667 4869 et

2141 4917 2302 4968 totius
2329 4911 2674 4968 continentia
2705 4911 2967 4964 laboribus
2996 4909 3219 4977 subigat,
3247 4909 3438 4975 quibus
3467 4916 3664 4957 natura-

2141 5004 2216 5058 les
2237 5013 2292 5058 et
2322 5005 2460 5057 velut
2505 5000 2763 5070 ingenitas
2807 5000 2922 5068 ejus
2973 4999 3350 5052 delectatimies
3396 4997 3665 5055 exsiccare,

2143 5103 2294 5163 atque
2339 5094 2403 5146 ad
2453 5107 2568 5146 eam
2590 5131 2604 5154 ,
2633 5106 2788 5160 quam
2840 5089 3217 5149 desideramus,
3244 5087 3551 5153 dign’tate
3580 5085 3670 5137 vir-

2139 5184 2262 5237 tutis
2290 5185 2578 5236 accendere
2606 5193 2882 5246 queamus.
2902 5177 3246 5245 Retorquetnr
3270 5186 3446 5229 autem
3474 5177 3668 5246 byw.

2139 5287 2205 5326 ne
2225 5271 2378 5325 facile
2407 5272 2574 5340 possit
2593 5268 2830 5330 dissolvi,
2861 5279 2981 5318 cum
3013 5279 3116 5318 non
3146 5266 3313 5319 solum
3335 5267 3538 5318 luxuria
3563 5278 3668 5316 car-

2141 5365 2222 5416 nis
2251 5363 2599 5429 restringitur,
2625 5372 2804 5412 verum
2837 5355 2992 5409 etiam
3019 5366 3125 5408 tota
3161 5355 3278 5424 ejus
3321 5356 3574 5410 memoria
3613 5350 3672 5402 ab

2143 5453 2324 5504 intimo
2352 5451 2512 5505 corde
2541 5447 2788 5501 radicitus
2816 5446 3080 5499 evellitur.

2211 5542 2415 5596 Centum
2433 5540 2620 5592 cubitus
2644 5553 2798 5588 unum
2821 5536 2949 5587 latus
2965 5535 3146 5588 tenebit
3163 5533 3214 5585 in
3235 5531 3669 5604 longitudine,dc.

2142 5635 2354 5691 Constat
2383 5650 2656 5690 numerum
2699 5632 3076 5694 centenarium,
3114 5629 3201 5698 qui
3229 5630 3280 5684 in
3327 5638 3574 5695 computo
3595 5623 3670 5678 di-

2142 5726 2364 5794 gitorum
2394 5726 2458 5781 de
2492 5726 2620 5780 laeva
2651 5721 2962 5778 transfertur
3007 5721 3063 5776 ia
3107 5718 3405 5785 dexteram,
3445 5728 3671 5772 nouau-
