3898 6260
216 449 308 507 IL?

1014 441 1101 496 DE
1140 435 1637 496 TABERNACULO
1681 433 1766 490 ET
1807 432 2000 490 VASIS
2043 433 2226 490 ωδε.
2279 461 2339 474 σοι
2380 433 2505 488 LIB.
2547 431 2605 488 l'l.

3315 442 3417 496 $58

212 575 370 631 quam
392 559 443 612 in
465 555 744 623 Seripho-is
767 553 884 607 vita:
912 551 1141 606 celestis
1164 551 1356 603 habere
1375 548 1624 617 liguram,
1647 558 1764 614 quae
1791 544 1842 603 Α
1864 542 1970 610 jam
1999 546 2292 613 expositum
2340 553 2440 610 est,
2472 545 2556 598 ubi
2609 525 2850 613 ejusdem
2900 548 3100 601 numeri
3127 550 3316 606 ιθιοιιῃ
3360 553 3416 605 in

218 652 349 703 sicut
372 646 586 700 dextera
613 646 774 704 laevas,
807 643 878 694 ita
905 642 1096 694 merito
1127 639 1404 705 praefertur
1458 639 1578 690 vita:
1629 651 1763 704 przu-

217 738 371 792 senti.
426 735 590 803 Cujus
637 732 885 786 nimirum
935 730 1142 784 numeri
1189 728 1435 797 frequens
1476 727 1526 780 in
1571 725 1764 780 divinis

217 830 404 883 litteris
450 827 756 895 mysterium
809 825 1088 893 reperitur.
1145 821 1569 876 Editicationem
1626 831 1764 871 arcas

217 919 324 972 Noe
344 917 634 970 centesimo
655 927 794 967 anno
816 913 1132 979 complevit;
1164 911 1282 979 quia
1315 920 1551 968 sanctam
1583 907 1765 960 Eccle-

181 1057 184 1060 .
218 1007 370 1070 siam,
402 1017 554 1072 qualn
585 1003 636 1056 in
679 1002 777 1054 hac
819 1001 1026 1052 interim
1075 1000 1180 1050 vita
1220 998 1445 1050 aedificat
1493 997 1765 1058 Dominus,

193 1094 271 1149 'in
303 1095 473 1148 futura
507 1092 727 1163 perlicit.
773 1089 996 1143 Abrahae
1031 1087 1335 1142 centenario
1363 1085 1498 1138 illius
1544 1086 1768 1153 promis-

215 1188 382 1243 sionis
415 1187 648 1240 nascitur
678 1185 850 1248 Isaac;
876 1183 994 1251 quia
1027 1180 1270 1235 nimirum
1311 1177 1605 1232 benedictio
1659 1178 1768 1230 ha:-

216 1277 480 1339 reditatls,
516 1291 633 1344 qua
655 1275 710 1334 in
733 1275 935 1328 semine
957 1271 1072 1340 ejus
1093 1270 1336 1323 omnibus
1364 1268 1573 1320 familiis
1616 1276 1767 1320 terra:

212 1365 572 1432 promittitur,
601 1363 654 1416 in
699 1362 869 1416 futura
934 1371 988 1415 et
1017 1359 1216 1415 caelesti
1265 1359 1435 1428 patria
1497 1357 1764 1410 reddetur.

216 1455 440 1508 Centum
461 1440 626 1508 annos
654 1453 1016 1522 peregrinatur
1036 1453 1152 1521 ipse
1183 1454 1232 1505 in
1247 1461 1386 1506 terra
1403 1451 1767 1520 repromissio-

217 1544 328 1608 nis;
359 1545 477 1611 quis
505 1544 590 1610 qui
623 1543 711 1595 lilii
741 1543 961 1596 Abrahae
985 1557 1078 1607 per
1103 1541 1260 1595 tidem
1293 1541 1573 1603 efﬁcimur,
1604 1541 1653 1592 in
1675 1553 1769 1606 spe

217 1646 462 1700 supernae
485 1631 804 1684 litereditatis
825 1631 1076 1683 debemus
1101 1630 1423 1698 peregrinam
1452 1633 1501 1681 in
1527 1628 1767 1696 prtesenti

219 1721 452 1774 Ecclesia
477 1720 670 1774 ducere
700 1720 883 1772 vitam.
915 1719 1066 1773 Sevit
1094 1718 1264 1785 itaque
1298 1701 1440 1771 Isaac
1461 1715 1512 1769 in
1539 1716 1768 1780 Ceraris,

214 1811 355 1879 quod
389 1811 762 1878 interpretatur
794 1809 1079 1870 incolatus,
1106 1817 1158 1860 et
1179 1807 1380 1859 invenit
1409 1807 1458 1858 in
1489 1804 1604 1873 ipso
1633 1821 1772 1858 anno

1867 647 1971 686 uno
2002 635 2162 688 latere
2189 634 2512 687 tabernaculi
2535 643 2655 686 sunt
2681 634 2794 686 lieri
2819 644 3111 702 praeceptae.

1935 720 2184 774 Similiter
2210 723 2262 774 in
2293 721 2448 774 latere
2477 721 2730 790 aquilonis
2759 738 2848 789 per
2882 723 3090 792 longum
3133 737 3277 780 erant
3303 738 3412 785 ten-

1867 811 1997 866 toria
2021 819 2218 862 centum
2257 810 2538 863 cubitorum
2557 849 2576 875 ,
2606 821 2708 864 etc.
2743 811 2938 866 Eadem
2970 813 3034 867 de
3062 815 3222 869 latere
3258 820 3404 886 aqtti.

1866 897 2002 951 lonis
2033 911 2360 967 repetuntur,
2405 915 2518 967 qua:
2559 899 2667 968 jam
2714 903 2781 954 de
2821 903 2982 956 latere
3025 906 3236 958 australi
3264 919 3412 960 erant

1869 989 2168 1056 pramissa;
2195 988 2314 1055 quia
2345 989 2620 1056 utriusque
2648 989 2970 1042 Testamenti
2998 1007 3265 1057 prrecoues
3287 1008 3420 1046 con-

1867 1093 1999 1132 sono
2026 1093 2120 1133 nos
2149 1093 2243 1133 ore
2271 1079 2337 1132 ad
2368 1080 2604 1133 caelestia
2646 1083 2850 1149 erigunt
2876 1097 2890 1144 ;
2923 1083 3131 1135 tametsi
3160 1097 3415 1137 carcino-

1868 1169 1982 1221 nias
1997 1176 2438 1222 sacramentorum
2463 1169 2741 1221 habuerint
2763 1184 2856 1234 pro
2886 1179 3183 1238 temporum
3212 1175 3415 1228 ratione

1867 1257 2201 1322 differentes,
2245 1259 2350 1311 imo
2398 1261 2495 1312 hoc
2535 1259 2589 1310 in
2633 1269 2868 1325 tempore
2907 1261 3038 1314 Novi
3071 1263 3414 1327 Testameuti.

1867 1349 2164 1415 quicunque
2187 1347 2253 1401 de
2279 1358 2498 1415 utroque
2527 1349 2719 1416 populo
2741 1349 2802 1400 ad
2833 1350 3053 1403 salutem
3077 1354 3404 1422 pertingant,

1867 1453 1973 1490 non
2015 1439 2183 1492 solum
2229 1439 2470 1492 eamdem
2503 1438 2686 1502 fidem,
2709 1439 3117 1506 confessionem,
3140 1450 3193 1495 et
3226 1457 3412 1510 opera-

1873 1527 2089 1591 tionem,
2125 1527 2218 1580 sed
2249 1537 2303 1581 ct
2331 1539 2658 1582 sacramenta
2699 1528 2894 1582 habent
2923 1529 3104 1583 eadem
3146 1532 3197 1584 in
3225 1548 3409 1587 emun-

1866 1617 2136 1671 dationem
2160 1625 2512 1684 peccatorum,
2535 1628 2585 1672 et
2609 1619 2996 1687 perceptionem
3022 1623 3141 1672 vita:
3156 1621 3410 1682 caelestis.

1873 1709 1922 1761 in
1944 1710 2110 1777 gratia
2133 1708 2222 1762 Dei
2247 1724 2339 1776 per
2363 1709 2538 1763 .lesutn
2559 1710 2824 1762 Christum
2855 1709 3128 1764 Dominum
3150 1723 3406 1765 nostrum.

1947 1799 2008 1852 In
2040 1801 2320 1863 latitudine
2359 1817 2472 1854 vero
2499 1802 2653 1868 atrii,
2695 1817 2803 1868 quw
2843 1801 3041 1870 respicit
3079 1803 3146 1854 ad
3185 1804 3408 1857 occiden-

218 1877 561 1965 ei‘ntuplum;
623 1899 742 1965 quia
793 1910 1119 1962 qumcunqtte
1170 1895 1262 1948 lilii
1314 1894 1675 1960 promissionis
1715 1895 1766 1947 in
1797 1877 1846 1939 Β
1874 1900 1989 1955 ιεηι,
2017 1902 2123 1946 etc.
2166 1889 2407 1945 Latitudo
2446 1892 2599 1958 atrii,
2651 1908 2765 1959 qua:
2807 1893 2870 1945 ad
2910 1907 3153 1946 occasum
3204 1896 3417 1962 respicit

221 1991 320 2040 hac
351 1991 453 2039 vita
480 1987 869 2054 peregrinantes
893 1986 1028 2036 bona
1069 1997 1367 2050 operamur,
1402 1997 1524 2034 mox
1575 1984 1768 2050 egressi

217 2075 284 2128 de
308 2089 528 2140 corpore
555 2075 605 2125 in
637 2073 840 2126 ccclein
872 2073 976 2124 vita
1008 2071 1316 2139 recipimus.
1365 2070 1421 2123 In
1466 2086 1568 2139 qua
1611 2071 1770 2138 ﬁgura

221 2175 281 2218 et
309 2178 490 2216 semen
515 2163 798 2229 evangelici
821 2161 1257 2226 sermonis,quod
1287 2160 1335 2211 in
1360 2167 1552 2212 terram
1584 2159 1770 2211 bonam

188 2237 680 2316 'cecidit,esortum
700 2250 820 2304 fecit
837 2249 1060 2304 fructum
1075 2249 1396 2316 centuplum,
1411 2247 1560 2315 etqui
1582 2258 1774 2312 tempo-

214 2347 349 2399 ralia
369 2347 501 2399 bona
519 2354 728 2411 propter
747 2343 1011 2395 Christum
1029 2350 1081 2394 et
1103 2353 1315 2408 propter
1342 2339 1678 2407 Evangelium
1702 2352 1774 2391 re-

219 2434 426 2501 linquit,
446 2432 748 2498 centuplum
761 2431 946 2498 accipit
973 2431 1024 2483 in
1051 2429 1316 2496 praesenti,
1333 2438 1387 2482 et
1408 2428 1460 2480 in
1482 2427 1675 2480 saeculo
1696 2424 1775 2478 fu-

219 2530 341 2573 turo
367 2525 524 2572 vitam
553 2532 825 2582 aeternam,
843 2519 890 2571 id
909 2519 1266 2588 est,gaudium
1296 2519 1536 2571 fraterna:
1549 2518 1774 2571 societa-

220 2611 288 2661 tis
313 2623 448 2660 nnnc
472 2605 524 2660 in
557 2623 650 2674 spe
668 2608 787 2660 vitze
804 2608 1052 2668 etelestis,
1071 2616 1268 2671 ettunc
1291 2608 1342 2659 in
1367 2607 1709 2673 seipsumvita
1726 2620 1775 2656 m

221 2697 365 2763 regni
383 2694 873 2749 cmleStis.Centum
893 2709 1019 2763 ergo
1040 2695 1241 2748 cnbitos
1267 2695 1421 2768 habet
1445 2695 1582 2747 latus
1603 2693 1776 2745 taber-

229 2786 403 2838 naculi
430 2786 479 2838 in
507 2785 715 2851 longum
742 2800 756 2847 ;
787 2786 904 2848 quia
936 2783 1164 2834 universi
1196 2783 1391 2848 quique
1422 2783 1484 2834 ad
1542 2784 1775 2854 membra

225 2875 474 2928 l'lcc'esiae
505 2874 786 2942 pertinent,
815 2885 1028 2925 necesse
1053 2879 1136 2923 est
1165 2887 1258 2936 pro
1283 2881 1478 2923 :eterna
1532 2873 1580 2920 in
1629 2871 1777 2922 cmlis

221 2962 352 3024 vita,
378 2961 610 3016 laborem
633 2962 685 3013 in
712 2975 769 3014 se
801 2960 1063 3027 patientia:
1085 2967 1138 3011 et
1161 2957 1500 3010 continentia:
1521 2965 1777 3023 tempora-

225 3050 290 3102 lis
315 3057 598 3102 assumant.
632 3047 902 3100 Columna:
932 3055 1110 3097 autem
1159 3044 1347 3112 quibus
1399 3044 1510 3095 lucc
1552 3040 1775 3095 tentoria

226 3139 618 3204 suspenduntur
641 3137 692 3190 in
716 3136 902 3201 altum,
919 3136 1160 3188 doctores
1184 3145 1303 3186 sunt
1324 3135 1618 3201 sancti,,qui
1635 3146 1774 3184 .suo-

1873 1983 2021 2046 solis,
2066 1983 2155 2034 ubi
2203 1983 2480 2035 terminato
2511 1981 2689 2034 labore
2724 1981 2919 2037 diurno,
2959 1981 3129 2035 noctis
3153 1997 3330 2050 sapor,
3361 1995 3417 2037 et

1872 2070 2034 2137 gratia
2088 2067 2606 2132 succedit,vtnerito
2670 2079 2873 2136 tempus
2935 2069 3190 2138 significat
3246 2072 3413 2137 illud,

1873 2156 2082 2225 quando
2130 2167 2371 2210 cessante
2421 2166 2538 2224 post
2585 2168 2806 2210 mortem
2857 2157 2962 2210 vita
3011 2159 3220 2224 actuali,
3265 2160 3414 2228 quies

1871 2247 2162 2298 electorum
2207 2254 2259 2298 et
2301 2259 2505 2298 merces
2535 2255 2728 2298 aeterna
2778 2246 3031 2312 sequitur.
3062 2248 3294 2317 Denique
3336 2248 3411 2303 illi

1872 2335 2028 2407 quiin
2052 2337 2202 2386 vinea
2230 2333 2417 2386 summi
2449 2335 2609 2400 patris
2636 2333 2853 2386 familias
2876 2336 3249 2403 Operabantur,
3287 2331 3406 2391 cum

1873 2417 2166 2477 sei-o‘esset
2210 2422 2425 2488 factum,
2471 2423 2681 2490 praemia
2727 2423 2806 2475 sui
2854 2439 3135 2491 percepere
3183 2426 3412 2494 laboris;

1874 2514 1993 2581 quia
2026 2512 2268 2566 nimirum
2301 2512 2492 2580 singuli
2521 2515 2713 2579 quique
2735 2511 2991 2579 justorum
3021 2528 3140 2565 cum
3166 2515 3228 2566 ad
3258 2515 3415 2582 hujus

1877 2605 2030 2656 linem
2073 2605 2191 2654 vilze
2236 2602 2578 2669 perveniunt,
2611 2611 2716 2654 tmn
2770 2616 2905 2655 vera:
2961 2605 3247 2672 ing-essum
3291 2606 3414 2660 vita:

1875 2693 2180 2746 sortiuntur.
2216 2691 2362 2745 Unde
2393 2692 2442 2743 in
2473 2691 2782 2760 Apooalypsi
2812 2691 3079 2746 Joannes:
3111 2694 3289 2747 Audivi
3323 2710 3411 2748 vo-

1875 2798 1980 2833 cem
2005 2781 2067 2832 de
2106 2782 2227 2833 creto
2257 2781 2496 2832 dicentem
2533 2797 2546 2834 :
2577 2780 2716 2832 Beati
2761 2782 2941 2833 mortui
2983 2799 3067 2849 qut
3112 2784 3164 2835 in
3202 2781 3418 2838 Domino

1875 2873 2161 2922 moriuntur
2189 2870 2372 2936 (Apoc.
2409 2872 2538 2936 XIV).
2571 2871 2772 2923 Amodo
2795 2871 2903 2938 jam
2936 2872 3059 2924 dicit
3087 2873 3330 2939 Spiritus,
3363 2885 3419 2928 ut

1880 2959 2214 3026 requiescant
2242 2972 2270 3009 a
2302 2958 2567 3012 laboribus
2594 2959 2725 3011 suis.
2757 2959 2976 3026 Propter
2998 2976 3151 3028 quam
3180 2964 3411 3029 requiem

1873 3058 2020 3102 recte
2057 3048 2381 3102 occidentale
2425 3047 2560 3102 latus
2615 3047 2733 3101 atrii
2783 3051 3005 3102 tentoria
3050 3051 3272 3105 habebat
3322 3069 3413 3119 per

1877 3139 2247 3208 quinquaginta
2277 3139 2582 3203 cubitos,’et
2609 3139 2876 3192 Columnas
2907 3140 3123 3205 decem;
3157 3143 3408 3212 quinqua-

225 3243 343 3282 rum
366 3229 521 3282 corda
553 3228 848 3281 auditorum
872 3241 900 3278 a
936 3225 1273 3280 terrestribus
1302 3225 1556 3292 contagiis
1597 3197 1848 3278 extra-c
1878 3231 2122 3297 genarius
2166 3244 2389 3296 namque
2435 3244 2682 3283 numerus
2721 3240 2971 3284 consuete
3011 3197 3206 3283 annum
3249 3197 3412 3301 signi-

225 3329 342 3384 eta,
401 3319 466 3372 ad
517 3317 758 3373 cmlestia
807 3315 1150 3370 desideranda
1199 3315 1500 3368 sustollant.
1554 3314 1620 3366 Et
1667 3314 1779 3367 hinc

228 3411 380 3477 quasi
411 3418 606 3462 vestem
636 3406 840 3460 Domini
885 3405 1166 3473 diligenter
1211 3404 1517 3466 extendunt,
1547 3418 1611 3455 ne
1657 3404 1779 3469 quid

230 3501 288 3552 in
315 3499 393 3552 his
417 3512 536 3552 esse
559 3496 881 3564 duplicitatis
909 3497 1106 3557 valeat;
1137 3493 1226 3547 sed
1254 3493 1476 3561 simplici
1505 3507 1565 3544 ac
1591 3491 1778 3544 munda

227 3589 521 3643 intentione
542 3602 722 3640 coram
756 3586 977 3637 Domino
1007 3588 1150 3636 velut
1177 3585 1398 3636 tentoria
1450 3583 1661 3649 byssina
1702 3580 1782 3634 ni-

234 3683 397 3729 teant.
424 3676 548 3740 Quae
572 3674 812 3726 videlicet
831 3673 1086 3724 columnae
1108 3684 1264 3722 tenete
1294 3671 1459 3728 fuere,
1478 3668 1570 3721 sed
1597 3683 1782 3736 argen-

229 3773 290 3816 to
343 3764 560 3824 vestitae,
593 3770 651 3813 ut
695 3759 746 3813 in
798 3759 1138 3827 sequentibus
1195 3756 1522 3809 manifestius
1573 3755 1800 3809 dicitur»

231 3851 422 3907 Eneti:
442 3850 673 3919 quidem,
709 3857 918 3915 propter
950 3845 1390 3913 perseverantiam
1414 3844 1640 3907 virtutis,
1671 3844 1782 3898 sive

231 3951 448 4012 propter
471 3955 655 3994 sonum
684 3939 846 4005 ipsius
890 3936 1298 4005 praedicationis.
1352 3938 1579 4003 Argento
1608 3944 1782 3989 autem

233 4033 461 4093 vestitae,
490 4031 609 4099 quia
640 4043 741 4081 non
785 4028 923 4079 aliud
963 4041 1115 4094 quam
1165 4025 1382 4079 verbum
1431 4025 1522 4078 Dei
1574 4033 1780 4078 sonant.

229 4122 399 4188 Cujus
445 4136 585 4188 stepe
631 4120 840 4174 claritas
894 4128 1112 4188 argento
1159 4120 1445 4186 figuratur,
1490 4131 1592 4169 non
1643 4117 1781 4169 aliud

236 4212 469 4267 vivendo
516 4213 568 4264 in
599 4211 818 4274 actibus,
851 4225 1006 4277 quam
1049 4209 1432 4262 observantiam
1485 4207 1781 4260 divinorum

237 4308 541 4356 monstrant
555 4299 905 4365 eloquiorum.
939 4297 1048 4354 Non
1068 4282 1234 4348 solum
1259 4298 1592 4361 inargentatm
1611 4301 1780 4354 erant,

235 4391 337 4445 sed
363 4401 416 4442 et
434 4390 601 4455 capita
635 4394 737 4439 tota
770 4386 1028 4436 habebant
1059 4393 1334 4452 argentea;
1385 4383 1522 4448 quod
1575 4383 1785 4449 pr0prie

236 4482 518 4536 doctorum
543 4485 641 4538 est,
675 4483 809 4526 totos
831 4489 888 4526 se
919 4472 1089 4525 verbis
1111 4485 1271 4525 sacra:
1297 4473 1578 4538 Scripturae
1611 4471 1777 4539 subji-

232 4583 381 4628 cere,
409 4567 588 4632 hisque
636 4563 864 4614 anitnum
906 4575 1198 4629 corpusque
1236 4559 1560 4626 meditando,
1596 4563 1780 4627 praedi-

236 4655 446 4718 cando,
496 4650 760 4719 operando
808 4651 1122 4715 mancipare.
1170 4650 1315 4702 Sicut
1355 4649 1493 4702 enim
1547 4651 1779 4703 membra

239 4753 423 4800 nostra
450 4740 561 4792 sine
587 4740 756 4805 capite
810 4739 1096 4790 subsistere
1151 4753 1211 4790 ac
1264 4737 1438 4791 vivere
1496 4751 1777 4806 nequeunt,

238 4835 323 4888 sic
346 4830 546 4897 eloquia
571 4829 741 4879 divina
773 4825 844 4876 illi
875 4839 1020 4876 suam
1075 4827 1231 4878 vitam
1279 4827 1616 4891 astimantes,
1649 4845 1783 4882 nun-

239 4936 400 4991 quam
434 4920 544 4972 lncc
573 4915 865 4969 obcdiendo
893 4923 1114 4979 portare,
1153 4925 1205 4967 et
1249 4925 1414 4968 semet
1461 4919 1782 4972 humiliando

249 5011 486 5064 exaltare
516 5006 793 5060 desistunt.
824 5004 956 5068 Quid
985 5012 1156 5056 autem
1190 5003 1238 5054 in
1280 5003 1488 5057 basibus
1513 5009 1781 5061 columna-

245 5112 366 5150 rum
397 5099 553 5149 aeneis
579 5097 768 5163 aptius,
800 5107 953 5162 quam
986 5093 1185 5144 initium
1213 5093 1509 5159 sapientiae,
1541 5095 1780 5150 timorem

250 5184 347 5238 Dei
368 5184 618 5235 debemus
642 5182 966 5247 intelligere?
998 5181 1067 5233 De
1096 5195 1199 5246 quo
1223 5190 1273 5232 et
1305 5180 1441 5232 Illius
1469 5182 1649 5234 Sirach
1669 5187 1780 5237 ait:

246 5273 421 5328 Radix
441 5273 694 5338 sapientiae
716 5283 783 5324 est
806 5275 976 5324 timere
1009 5269 1184 5322 Deum.
1221 5270 1314 5323 Ubi
1345 5279 1396 5322 et
1425 5272 1635 5334 pulchre
1662 5276 1782 5326 sub-

245 5367 438 5437 jnnxit,
474 5362 618 5413 κρηιὶ
643 5363 772 5413 enim
799 5364 936 5413 illius
968 5363 1173 5428 lonngi
1199 5377 1216 5423 ;
1244 5361 1362 5427 quia
1392 5361 1632 5414 nimirum
1667 5380 1784 5431 ger—

251 5455 394 5509 tuina
419 5453 662 5504 virtutum
693 5452 994 5514 multifaria,
1024 5466 1136 5517 quae
1168 5450 1352 5502 timore
1409 5449 1495 5511 Dei
1541 5462 1782 5520 tanquam

247 5551 472 5610 opus,et
499 5541 753 5592 caelatura:
783 5543 1139 5592 columnarum
1167 5540 1231 5592 de
1255 5539 1465 5591 basibus
1507 5545 1784 5608 prodeunt,

255 5647 522 5700 nunquam
551 5632 714 5682 fructu
747 5644 854 5680 suae
885 5632 1139 5683 mercedis
1168 5629 1435 5683 carebunt.
1480 5631 1650 5694 Quare
1697 5651 1788 5690 au-

251 5737 359 5782 tem
391 5726 568 5793 viginti
600 5722 789 5775 fuerint
810 5722 1064 5774 columna
1089 5725 1137 5774 in
1160 5737 1263 5775 uno
1286 5722 1444 5776 latere
1468 5724 1605 5789 atrii,
1631 5741 1786 5795 supra

720 5832 982 5888 Ρλτιιοι..
1040 5828 1190 5891 XCI.

1880 3308 2000 3370 fleat
2040 3319 2091 3371 in
2137 3318 2251 3385 lege
2277 3319 2762 3386 quinquagesimum
2789 3358 2802 3380 ,
2843 3321 2930 3386 qui
2962 3320 3205 3382 libertati,
3233 3324 3320 3389 qui
3359 3336 3408 3375 et
3495 3383 3502 3390 ,

1879 3407 2176 3461 remissioni
2220 3417 2356 3460 totus
2395 3415 2509 3459 erat
2541 3413 2901 3471 consecratus,
2944 3416 3155 3474 propter
3182 3413 3316 3475 quod
3359 3421 3414 3464 et

1846 3538 1849 3541 .
1876 3495 2106 3563 jubileus
2136 3495 2309 3548 vocari
2341 3503 2628 3560 praeceptus
2652 3503 2729 3547 est
2757 3491 2898 3561 (Lev.
2927 3496 3063 3564 ην).
3097 3495 3238 3549 lobcl
3266 3515 3412 3551 nam-

1881 3599 1982 3648 que
2013 3582 2282 3635 dimittens
2325 3591 2415 3634 aut
2447 3591 2672 3634 mutatus
2721 3584 3108 3648 interpretatur.
3135 3585 3416 3642 Denarium

1879 3684 2088 3738 quoque
2136 3685 2412 3724 numerum
2462 3680 2669 3725 constat
2714 3673 2896 3725 eadem
2937 3688 3161 3742 superna
3203 3679 3412 3744 prmmia

1880 3759 2177 3827 designare,
2210 3759 2296 3812 ubi
2329 3761 2553 3814 humana
2593 3771 2776 3815 natura
2808 3763 2856 3816 in
2898 3774 3117 3833 utraque
3159 3781 3249 3820 sua
3278 3772 3413 3822 sub-

1880 3851 2074 3901 stantia
2114 3850 2483 3903 immortaliter
2510 3851 2803 3915 sublevata,
2833 3851 2884 3906 in
2927 3855 3113 3908 diiinre
3144 3862 3412 3924 praesentia

1882 3943 2095 3996 visionis
2143 3943 2370 3996 ltetatnr.
2397 3943 2539 3997 Deus
2579 3958 2803 4011 namque
2850 3947 3051 3998 trinitas
3080 3958 3177 4002 est.
3218 3952 3418 4016 Corp“

1883 4043 2118 4085 nostrum
2173 4046 2236 4084 ex
2287 4042 2512 4097 quatuor
2564 4032 2840 4083 elementis
2890 4035 3144 4088 subsistit.
3201 4036 3418 4093 Interior

1884 4121 2041 4172 homo
2072 4126 2249 4170 noster
2281 4118 2510 4170 ternario
2538 4111 2756 4170 numero
2779 4121 3262 4188 comprehenditur,
3295 4139 3412 4178 cum

1881 4221 1944 4260 ex
1987 4215 2095 4257 ιοιο
2125 4207 2304 4264 corde,
2339 4214 2442 4256 tota
2485 4205 2681 4267 anima,
2725 4214 2829 4257 tota
2875 4210 3064 4260 virtute
3105 4207 3262 4264 Deum
3307 4215 3423 4267 dili-

1881 4308 2005 4361 gere
2035 4291 2299 4360 jubemur.
2330 4294 2395 4346 Et
2421 4309 2538 4346 cum
2561 4305 2784 4362 quatuor
2807 4308 2984 4349 nostra
3018 4299 3198 4353 risioni
3231 4317 3423 4359 sancta:

1882 4382 2158 4435 Trinitatis
2205 4384 2255 4435 in
2303 4393 2554 4436 aeternum
2590 4387 2902 4451 junguntur,
2945 4388 3088 4454 juxta
3121 4391 3243 4442 illud
3284 4393 3426 4446 l’sal.

1885 4473 2055 4527 mistte
2075 4489 2086 4524 :
2109 4472 2234 4526 lli/ti
2262 4482 2429 4558 autem
2456 4475 2715 4526 adita'rere
2746 4474 2870 4538 Deo,
2899 4476 3082 4530 bonum
3109 4489 3178 4530 est
3201 4479 3423 4548 (l’salnt.

1888 4567 2088 4630 usu),
2144 4564 2242 4616 hoc
2279 4575 2380 4626 est,
2434 4565 2609 4629 utique
2655 4564 2964 4628 denarium,
3015 4571 3150 4632 quod
3199 4571 3426 4624 cultores

1887 4654 2168 4706 dominica:
2211 4653 2396 4713 vinem,
2449 4652 2822 4703 consummatis
2859 4653 2978 4703 diei‘
3006 4655 3284 4718 laboribus,
3333 4673 3427 4726 pro

1888 4743 2130 4797 mercede
2159 4741 2419 4808 accipiunt
2451 4757 2464 4791 :
2496 4741 2612 4807 quia
2649 4755 2774 4808 ergo
2803 4743 2950 4796 nobis
2978 4745 3144 4800 sancti
3174 4749 3424 4814 praedica-

1890 4845 2049 4896 tores,
2084 4832 2228 4885 ﬁnita
2261 4833 2359 4884 hac
2389 4831 2514 4893 vita,
2547 4836 2873 4897 prtesentiam
2906 4838 3066 4888 nostri
3097 4835 3418 4904 Conditoris,

1888 4932 1942 4976 ct
1989 4923 2216 4990 requiem
2269 4921 2577 4986 promittunt
2620 4933 2900 4985 aeternam;
2935 4925 3014 4978 his
3058 4943 3262 4996 quoque
3303 4946 3420 4996 pro-

1885 5013 2056 5065 missis
2101 5010 2355 5063 desideria
2405 5021 2580 5063 nostra
2629 5012 2696 5065 ab
2740 5016 2969 5082 appetitu
3017 5017 3307 5070 intimorum
3354 5019 3419 5070 ad

1884 5103 2116 5170 ccclestia
2134 5104 2408 5169 quaerenda
2435 5101 2659 5170 erigunt.
2683 5107 2826 5170 quasi
2854 5107 2901 5157 in
2925 5108 3230 5160 occidentali
3260 5112 3417 5161 latere

1885 5192 1999 5245 atrii
2045 5193 2264 5244 tentoria
2307 5192 2672 5260 quinquaginta
2718 5195 3006 5246 cubitorum
3057 5196 3415 5262 longitudinis,

1886 5283 2065 5335 decem
2097 5283 2351 5335 columna:
2372 5282 2700 5335 sublevantes
2724 5283 3000 5333 extollunt.

1959 5371 2025 5423 In
2047 5388 2103 5423 ea
2130 5387 2323 5438 quoque
2343 5373 2457 5421 atrii
2487 5371 2769 5427 latitudine,
2799 5385 2910 5435 qua?
2935 5372 3136 5436 respicit
3157 5373 3220 5423 ad
3257 5376 3424 5428 orien-

1887 5471 2005 5525 tem,
2029 5471 2130 5513 σξιο.
2162 5460 2231 5511 Ea
2265 5459 2481 5510 latitudo
2508 5458 2646 5516 atrii.
2678 5473 2790 5524 quae
2817 5457 2881 5510 ad
2905 5460 3158 5512 orientem
3189 5464 3419 5529 respicit,

1889 5553 2224 5619 primordium
2257 5549 2404 5600 bonre
2433 5557 2624 5610 nostrai
2650 5549 3085 5615 conversationis,
3119 5566 3233 5617 qua:
3263 5567 3290 5604 a
3321 5554 3420 5607 llde

1888 5640 2100 5706 incipit,
2149 5637 2422 5704 signiticat.
2476 5639 2603 5702 Quae
2658 5648 2867 5706 propter
2923 5640 3143 5704 primam
3194 5643 3420 5696 cmlestis

1890 5729 2066 5798 gratia:
2095 5725 2480 5794 perceptionem
2509 5739 2648 5779 recte
2677 5729 2738 5779 ac!
2763 5728 3017 5780 orientem
3051 5731 3308 5798 respicere
3347 5732 3421 5782 di-

2911 5840 2978 5896 15
