3898 6260
245 306 342 360 461

1050 297 1136 356 DE
1173 296 1662 356 TADEBNACULO
1701 295 1786 350 ΕΤ
1831 294 2017 350 VASIS
2057 294 2232 351 EJUS.
2275 325 2339 334 —-
2379 295 2500 350 l.lil.
2543 296 2622 350 Ill.

3315 256 3427 354 ὀδε

235 414 438 480 argenti
467 414 687 476 luminis,
733 419 833 464 etc.
869 410 1172 478 Diligentius
1211 425 1270 463 ea
1310 425 1424 478 qua:
1452 407 1670 467 dixerat,
1702 405 1783 458 in-
1815 410 1856 466 Α
1889 413 1942 457 et
1969 419 2123 471 supra
2165 404 2358 460 dictutn
2399 389 2539 470 erat:
2569 413 2623 457 ut
2654 406 2949 473 diligentius
2987 425 3249 464 memoria:
3285 426 3426 468 eum.

233 504 446 566 eulcat;
475 512 530 554 nt
551 502 730 554 sedulo
761 503 1005 568 lectorem
1031 500 1330 565 admoneat,
1365 500 1626 551 neminem
1650 498 1784 550 inter

236 593 485 644 doctores
521 589 772 651 veritatis,
816 590 1086 642 columnas
1114 587 1354 641 videlicet
1393 588 1508 640 atrii
1533 587 1784 649 caelestis,

237 694 399 749 posse
441 682 762 748 computari;
793 680 880 747 qni
926 692 1027 732 non
1072 679 1235 732 instar
1282 678 1404 731 aeris
1433 676 1784 732 inviucibilem

237 771 382 824 inter
425 772 640 823 adversa
692 769 988 835 patientiam
1038 767 1232 820 [rabere
1275 766 1534 830 didicerit,
1578 780 1680 819 non
1727 779 1785 820 se

235 863 536 916 caelestium
567 869 622 914 et
642 859 976 914 observantia
1001 868 1053 912 et
1080 859 1478 911 annuntiatione
1507 856 1782 910 verborum

238 955 494 1022 un'dique,
524 953 663 1007 velut
690 953 891 1021 argenti
941 953 1146 1006 laminis
1185 953 1391 1006 munire
1437 963 1594 1021 atque
1631 965 1784 1005 exor-

236 1059 369 1098 nare
396 1043 675 1109 curaverit,
718 1059 820 1097 non
864 1057 921 1096 se
966 1042 1108 1097 omni
1152 1041 1473 1110 subjectione
1512 1041 1784 1110 pra‘ceptis

235 1134 451 1194 divinis.
485 1135 631 1202 quasi
680 1145 927 1202 argenteo
956 1133 1112 1200 capiti
1156 1147 1451 1202 supponere
1486 1132 1780 1198 studuerit;

235 1238 343 1278 non
374 1225 424 1278 in
455 1227 642 1277 timore
673 1224 788 1288 Dei,
817 1224 955 1277 velut
985 1237 1126 1276 teneo
1155 1222 1262 1276 basi
1293 1221 1606 1275 constiterit.

311 1312 375 1368 In
417 1313 728 1383 longitudine
775 1313 1032 1381 occupabit
1078 1311 1265 1364 atrium
1313 1307 1504 1362 cubitos
1545 1317 1779 1372 centum,

231 1411 340 1457 etc.
387 1403 605 1456 Centum
659 1403 862 1456 cubitos
916 1400 1253 1471 longitudinis
1304 1400 1460 1453 habet
1515 1398 1778 1463 Ecclesia;

230 1493 355 1558 quia
385 1492 535 1545 ulnas
565 1505 685 1544 suas
713 1493 885 1546 elevat
908 1491 972 1543 ad
1009 1491 1142 1543 bona
1172 1503 1352 1557 opera,
1386 1498 1598 1557 propter
1624 1489 1778 1540 vitam

226 1591 507 1633 mternam.
567 1580 946 1650 Quinquaginta
1001 1578 1321 1642 latitudinis;
1372 1576 1491 1644 quia
1545 1576 1778 1645 requiem

227 1679 410 1738 sperat
451 1654 825 1736 sempiternam
871 1669 922 1721 in
969 1670 1134 1736 gratia
1171 1666 1395 1732 Spiritus
1419 1666 1629 1729 sancti;
1660 1682 1775 1732 qua:

1891 495 2184 561 tuendelur,
2231 495 2513 560 repetitur.
2564 495 2673 547 Fiet
2696 512 2774 557 me
2814 497 2877 549 de
2918 498 3324 566 by~so,retortn,
3376 514 3426 556 et

1889 584 2097 637 habebit
2123 584 2274 637 bases
2299 599 2492 638 teneas.
2516 586 2588 637 Ac
2609 585 2799 638 deinde
2826 587 3152 655 Snbjnngitur
3186 612 3195 640 :

1956 673 2140 726 Cuncta
2169 689 2285 726 vasa
2329 672 2635 725 tabernaculi
2676 674 2727 725 in
2776 691 2942 728 omnes
2990 692 3108 729 usus
3137 679 3262 747 ejus,
3315 688 3419 732 etc.

1891 765 2021 818 \‘asa
2054 765 2368 818 tabernaculi
2403 766 2452 816 in
2483 780 2666 818 omnes
2692 781 2815 819 usus
2844 765 2957 834 ejus
2999 777 3048 820 et
3082 770 3422 822 caeremonias

1887 865 2193 922 prteparata,
2227 855 2466 907 homines
2495 865 2615 907 sunt
2661 853 2906 908 Ecclesiae
2937 856 2986 910 in
3016 856 3236 912 diversis
3263 861 3420 912 tueri-

1885 947 1949 998 tis
1972 944 2320 1012 gradibusque
2362 945 2582 997 Domino
2613 947 2936 1019 servientes;
2983 961 3098 1015 qua:
3143 962 3266 1000 vasa
3291 962 3418 1001 cuu-

1883 1043 1964 1086 cta
1996 1033 2105 1086 lieri
2127 1033 2378 1099 iubentur
2407 1049 2572 1095 aenea,
2609 1033 2746 1087 illius
2778 1035 3045 1098 nimirum,
3087 1047 3141 1090 ut
3172 1051 3312 1105 saepe
3339 1038 3422 1091 di-

1882 1134 2024 1180 ctum
2070 1136 2168 1189 est,
2203 1124 2366 1192 ﬁgura
2397 1126 2671 1192 mysterii;
2719 1136 2776 1179 ut
2817 1124 2861 1177 si
2891 1129 3006 1194 quis
3047 1130 3280 1195 pulsatur
3320 1131 3410 1184 atl-

1884 1218 2068 1281 versis,
2102 1227 2398 1284 perseveret
2432 1219 2482 1270 in
2517 1219 2696 1280 linem,
2747 1232 2843 1271 ncc
2871 1218 3179 1286 promissam
3209 1221 3306 1274 sibi
3334 1238 3416 1276 sa-

1883 1310 2040 1363 lutem
2069 1308 2268 1364 desidia
2299 1311 2521 1376 perdat;
2568 1312 2704 1378 sive,
2738 1321 2795 1364 ut
2825 1313 2980 1364 tidem
3029 1327 3181 1380 quam
3214 1311 3415 1377 didicit,

1881 1399 2038 1452 etiam
2095 1400 2321 1453 inimicis
2369 1399 2760 1454 obluctantibus
2810 1402 2976 1467 palam
3026 1403 3262 1457 confiteri
3313 1419 3417 1458 non

1882 1496 2105 1553 metuat,
2138 1488 2229 1542 sed
2261 1497 2313 1542 et
2341 1490 2526 1542 amicis
2556 1489 2712 1555 dona,
2759 1505 2874 1557 ane
2906 1491 3156 1559 percepit,
3206 1493 3418 1546 sedulus

1882 1581 2123 1635 insonare
2149 1580 2466 1634 meminerit.
2517 1579 2614 1633 IE5
2646 1597 2873 1649 namque
2917 1597 3192 1648 sonorum,
3239 1593 3292 1638 et
3324 1599 3418 1638 na-

1881 1679 2007 1722 tura:
2029 1670 2113 1722 ditt
2140 1671 2388 1722 durabilis
2416 1680 2514 1724 est.
2565 1671 2744 1723 Paxilli
2773 1683 2968 1735 autem,
2999 1688 3130 1741 quos
3158 1673 3306 1737 dicit,
3334 1684 3413 1727 la-

225 1761 676 1828 quinqnagenario
706 1774 922 1813 numero
947 1760 1108 1812 voluit
1134 1757 1417 1825 designari,
1441 1771 1558 1810 cum
1588 1758 1772 1809 Pente-
1810 1748 1850 1806 Β
1878 1758 2145 1812 bernaculi
2177 1760 2295 1812 sive
2322 1760 2461 1821 atrii,
2494 1759 2556 1811 ad
2603 1760 2699 1813 hoc
2726 1771 2874 1815 erant
2904 1760 3042 1825 farti,
3075 1770 3129 1814 ut
3156 1761 3297 1815 inlisi
3326 1777 3416 1815 co-

228 1862 416 1906 costen
442 1894 457 1918 ,
486 1854 535 1906 id
565 1863 664 1918 est,
696 1851 1455 1921 quinquagesimumPaschalis
1478 1850 1775 1906 festivitatis

227 1943 396 2007 diem,
427 1956 523 1996 suo
559 1938 782 1996 adventu
825 1956 1133 1996 consecrare
1154 1941 1396 2010 dignatus
1417 1951 1517 1995 εει.
1542 1941 1776 1995 Altitudo

227 2033 459 2101 quinque
483 2033 774 2086 cubitorum
801 2032 900 2087 erit
919 2032 1065 2102 juxta
1092 2047 1362 2086 numerum
1390 2045 1635 2086 sensuum
1659 2045 1775 2084 cor-

228 2125 375 2192 poris
407 2126 597 2189 nostri;
628 2126 744 2191 quia
774 2134 894 2177 tunc
922 2125 1133 2192 recipiet
1167 2103 1526 2192 unusquisque
1564 2123 1772 2192 propria

225 2215 465 2282 corporis
494 2215 596 2282 sui,
624 2223 777 2283 prout
812 2216 989 2283 gessit,
1018 2216 1128 2270 sive
1153 2215 1366 2281 bonum,
1411 2216 1522 2269 sive
1551 2215 1770 2270 malum.

225 2306 333 2358 Sel
366 2305 415 2358 in
445 2307 578 2359 atrio
603 2305 789 2359 domus
816 2307 1015 2359 Domini
1042 2320 1228 2360 eorum
1253 2304 1580 2360 solummodo
1609 2308 1769 2374 ltgnra

222 2397 557 2465 exprimitur,
588 2397 675 2465 qui
702 2397 891 2450 bonum
923 2403 972 2450 in
999 2413 1217 2466 corpore
1247 2397 1498 2460 fecerunt.
1546 2413 1638 2464 pro
1666 2413 1772 2467 quo

226 2487 282 2538 in
315 2487 548 2554 requiem
575 2488 692 2538 vita:
733 2486 998 2554 perpetuis
1040 2497 1307 2540 tuerentur
1345 2487 1635 2550 introduci;
1680 2487 1766 2556 qui

221 2589 366 2628 nunc
411 2577 462 2626 in
510 2575 755 2640 Operibus
795 2573 1008 2641 iustitiae
1053 2589 1170 2640 qua:
1214 2584 1359 2627 casto
1387 2584 1439 2627 et
1467 2589 1688 2642 corpoe
1715 2585 1768 2629 et

218 2664 383 2716 corde
408 2670 585 2732 agunt,
617 2663 764 2729 quasi
813 2662 998 2730 byssus
1029 2670 1217 2714 retorta
1250 2662 1434 2728 nitent,
1465 2673 1518 2715 et
1565 2671 1683 2715 tunc
1715 2663 1763 2715 itt

215 2752 404 2804 eodem
433 2764 654 2818 corpore
685 2749 1087 2801 immortalitatis
1127 2749 1286 2817 gloria
1321 2750 1619 2812 sublimato,
1648 2765 1762 2815 per-

213 2841 386 2906 ceptis
433 2840 485 2892 itt
529 2848 780 2892 aeternum
816 2837 1030 2908 justitire
1061 2839 1286 2906 praemiis
1326 2838 1583 2891 lmtantur.
1612 2841 1680 2890 At
1709 2838 1760 2890 in

210 2930 513 2995 evangelica
563 2928 806 2995 parabola
859 2932 1126 2996 utriusque
1170 2926 1321 2979 simul
1370 2926 1530 2994 partis
1564 2926 1757 2979 mentio

211 3033 320 3078 est,
352 3021 437 3071 ubi
463 3020 692 3088 quinque
720 3020 960 3086 virgines,
985 3033 1102 3086 qua:
1122 3032 1240 3071 cum
1269 3017 1514 3085 operibus
1540 3018 1670 3072 lucis
1693 3017 1755 3071 ad

1877 1845 2166 1899 lumnarum
2195 1848 2585 1901 summitatibus
2633 1849 2757 1901 foris
2799 1849 3113 1915 eminerent,
3163 1861 3213 1903 rt
3242 1853 3411 1918 imp.»-

1876 1935 1990 1990 sitis
2012 1936 2109 1990 sibi
2138 1937 2372 1992 velorum
2402 1940 2510 1992 sive
2562 1939 2903 1993 tentoriorum
2951 1940 3178 2005 funibus,
3230 1943 3310 1996 sic
3352 1957 3413 1996 ea

1877 2023 2132 2091 levantes,
2177 2041 2205 2078 a
2236 2035 2374 2081 terra
2421 2029 2822 2095 suspenderent.
2876 2029 3108 2094 Quorum
3141 2029 3335 2084 factura
3361 2042 3416 2086 et

1879 2118 2139 2184 positione
2162 2131 2263 2171 non
2297 2120 2524 2172 absurde
2567 2120 2676 2186 ipsa
2703 2121 2977 2172 doctorum
3025 2129 3196 2187 potest
3245 2123 3415 2191 lingua

1876 2204 2156 2274 designari,
2202 2222 2318 2276 qua:
2351 2209 2686 2276 praedicando
2732 2209 3054 2263 audientium
3105 2213 3262 2265 corda
3295 2221 3414 2266 tau.

1875 2294 1966 2361 git,
1994 2309 2055 2347 ac
2086 2297 2344 2363 tangendo
2371 2297 2632 2352 sublevat.
2661 2297 2889 2353 Funibus
2912 2310 2965 2354 et
2994 2301 3132 2354 enim
3165 2302 3300 2356 solet
3324 2304 3416 2353 ali-

1871 2392 2076 2459 quoties
2119 2392 2384 2462 Scriptura
2432 2409 2578 2448 sacra
2628 2396 2918 2466 designari.
2973 2396 3119 2452 Unde
3165 2399 3416 2468 scriptum

1871 2490 1985 2536 est:
2021 2480 2301 2538 Funiculus
2328 2485 2512 2553 triplex
2552 2487 2748 2555 difﬁcile
2778 2490 3046 2556 rumpitur.
3095 2489 3224 2556 Quia
3269 2493 3415 2544 nitui-

1870 2588 1982 2626 rum
2022 2574 2325 2642 Scriptura,
2376 2592 2494 2646 qute
2541 2579 2813 2647 historico,
2864 2582 3176 2652 allegorice,
3226 2587 3410 2638 morali

1866 2669 2138 2719 consuevit
2182 2682 2338 2720 sensu
2394 2669 2760 2737 interperetari
2789 2712 2804 2735 ,
2853 2675 2994 2727 nulla
3044 2675 3409 2730 haereticorum

1864 2753 1979 2806 sive
2029 2769 2343 2821 paganorum
2395 2761 2535 2811 valet
2584 2761 2923 2827 perversitate
2965 2766 3250 2832 corrumpi.
3299 2766 3415 2834 Ipsa

1864 2855 2034 2900 autem
2070 2848 2286 2927 tentoria
2316 2848 2427 2902 sive
2456 2851 2598 2913 vela,
2646 2861 2702 2905 ut
2732 2855 2966 2921 recipere
2991 2854 3140 2908 funes
3172 2871 3409 2924 possent,

1864 2934 2129 2991 habebant
2175 2955 2391 2994 necesse
2443 2951 2520 2994 cst
2574 2943 2624 2995 in
2673 2946 3029 3007 superioribus
3077 2948 3186 3000 suis
3231 2963 3405 3014 ansas,

1861 3027 1972 3081 sive
1994 3028 2240 3092 circulos,
2290 3031 2482 3099 quibus
2514 3033 2669 3086 iidem
2702 3035 2852 3089 lunes
2884 3035 3308 3093 inunittcrentur.
3347 3041 3412 3094 Et

209 3124 466 3176 sponsum
498 3120 766 3175 venerant,
788 3109 960 3162 statim
984 3123 1102 3162 cum
1123 3124 1188 3161 eo
1215 3107 1280 3161 ad
1304 3108 1751 3176 nuptias'intrant;
1784 3088 1830 3150 ο
1867 3128 1940 3181 tu,
1965 3117 2010 3173 si
2049 3120 2127 3172 vis
2156 3088 2438 3176 ιρηιοξ-ιυηι
2473 3123 2561 3177 Dei
2592 3123 2726 3190 ηυνξ,
2779 3142 3013 3196 praepara
3041 3129 3094 3182 in
3137 3130 3295 3183 corde
3325 3141 3412 3183 ιω,

208 3201 446 3268 quinque
473 3200 607 3259 alite,
643 3215 758 3267 quae
787 3215 942 3266 opera
971 3200 1226 3252 castitatis
1267 3214 1368 3251 non
1399 3207 1542 3252 casto
1584 3196 1759 3252 animo

213 3300 588 3353 exercuerant,
612 3291 833 3358 repulsa:
863 3305 980 3343 cnm
1009 3291 1117 3343 suis
1145 3291 1394 3351 tenebris,
1417 3291 1594 3358 procul
1623 3306 1651 3343 a
1682 3305 1758 3345 re-

201 3378 301 3448 gni
342 3378 516 3448 jauuis
561 3380 837 3446 ejiciuntur
886 3377 1093 3446 (Matth.
1146 3385 1297 3442 xxv).
1346 3379 1585 3447 Quinque
1613 3381 1752 3432 enim

200 3483 363 3526 erant
392 3482 444 3524 et
472 3473 722 3538 quinque,
754 3471 873 3537 quia
903 3481 1117 3537 utraque
1145 3470 1434 3523 secundum
1465 3483 1524 3522 ea
1557 3485 1674 3536 qua:
1702 3470 1753 3522 in

198 3579 367 3618 carne
401 3575 653 3633 gesserat,
693 3564 934 3632 iudicata:
975 3573 1115 3616 sunt.
1157 3563 1286 3616 Tota
1316 3577 1440 3631 ergo
1487 3565 1753 3632 longitudo

196 3660 256 3703 et
285 3649 502 3702 latitudo
529 3649 647 3702 atrii
672 3664 762 3716 per
783 3658 1030 3703 centenos
1055 3660 1106 3701 et
1129 3649 1522 3717 quinquagenos
1543 3650 1750 3702 cubitos

193 3743 435 3794 distenta
465 3751 565 3795 est.
595 3741 831 3809 Quinque
862 3740 1013 3792 habet
1042 3741 1244 3793 cubitos
1282 3740 1599 3803 altitudinis;
1630 3741 1748 3807 quia

193 3844 421 3884 necesse
453 3841 551 3893 est,
587 3843 637 3882 ut
665 3833 748 3899 qui
777 3829 1173 3895 promissionem
1198 3830 1449 3883 habemus
1479 3830 1673 3897 quietis
1695 3841 1748 3884 et

193 3925 387 3993 patria:
422 3925 674 3989 cmlestis,
721 3924 1030 3976 mundemus
1077 3939 1172 3977 nos
1215 3923 1281 3976 ab
1329 3923 1472 3976 omni
1513 3924 1750 3990 inquina-

189 4026 382 4070 mento
403 4017 575 4068 carnis
597 4023 650 4068 et
676 4016 919 4084 spiritus;
953 4031 1047 4070 nec
1071 4017 1236 4068 solum
1263 4017 1327 4069 ab
1355 4016 1748 4085 inquinamento

188 4110 534 4176 mundemus,
575 4111 664 4164 sed
711 4118 763 4162 et
810 4110 1136 4177 perﬁciamus
1178 4108 1641 4163 sanctiﬁcationem
1692 4109 1744 4161 in

186 4206 388 4254 ti'rore
416 4202 537 4266 Dei;
566 4212 820 4270 quatenus
860 4210 1144 4267 apparente
1174 4201 1298 4252 hora
1347 4203 1615 4268 promissa
1655 4214 1740 4252 re-

186 4291 523 4355 tributionis,
559 4307 659 4344 nun
688 4293 855 4343 solum
888 4291 1094 4356 spiritu,
1122 4306 1298 4342 verum
1321 4293 1478 4343 etiam
1509 4293 1557 4342 in
1583 4304 1741 4342 carne

185 4385 362 4437 laetari
396 4398 687 4436 mereamur
710 4386 759 4434 in
786 4396 961 4434 amore
995 4381 1103 4434 Dei.
1130 4382 1345 4448 Propter
1370 4398 1525 4449 quam
1550 4382 1741 4435 utrius-

182 4489 299 4541 que
349 4482 539 4525 nostra:
567 4472 890 4536 substantiae,
926 4473 1020 4524 hoc
1048 4481 1123 4524 est
1158 4479 1210 4524 et
1249 4474 1435 4524 anima:
1463 4485 1513 4525 et
1542 4476 1735 4536 carnis,

179 4565 617 4620 emuodationem
649 4566 698 4617 in
728 4565 912 4616 timore
937 4564 1045 4626 Dei,
1073 4568 1448 4630 snhscquenter
1479 4565 1576 4618 hoc
1597 4565 1733 4632 quod

1862 3211 2245 3278 receptaculum
2289 3215 2620 3267 scrmonilms
2650 3211 2782 3284 ejus,
2837 3233 2941 3285 quo
2989 3220 3156 3285 possis
3211 3221 3273 3272 ad
3318 3237 3406 3273 su-

1861 3315 2018 3370 perna
2049 3303 2316 3370 suspendi.
2349 3304 2685 3370 lmponantur
2715 3321 2841 3360 vero
2891 3310 3098 3375 paxillis
3125 3310 3399 3364 columna-

1861 3407 1974 3444 rum
2011 3391 2159 3444 funes
2189 3393 2558 3456 tentoriorum,
2611 3405 2663 3446 ut
2693 3395 2768 3448 sic
2794 3411 3044 3464 expansa,
3073 3408 3229 3468 atque
3259 3401 3309 3453 in
3340 3402 3405 3455 al-

1857 3489 1964 3532 tum
1995 3483 2127 3533 elata
2153 3522 2169 3546 ,
2221 3483 2658 3549 pulchritudinem
2711 3485 3034 3540 tabernaculi
3078 3489 3394 3557 compleant.

1854 3571 2198 3655 committant
2241 3575 2410 3627 sancti
2461 3575 2829 3642 prmdicatores
2883 3578 3111 3632 tidelium
3153 3580 3402 3634 cordibus

1854 3661 2056 3728 eloquia
2085 3662 2275 3722 divina,
2309 3679 2501 3730 eosque
2532 3681 2623 3733 per
2650 3667 2758 3720 hzec
2788 3667 2850 3719 ad
2883 3668 3177 3735 exemplum
3223 3670 3300 3721 sui
3331 3671 3396 3720 ab

1856 3752 2049 3805 intimis
2083 3755 2208 3822 erigi
2255 3765 2642 3810 commoneant.
2696 3758 2930 3825 Expansa
2961 3757 3188 3817 funibus,
3219 3773 3280 3810 ac
3309 3775 3403 3808 sn-

1854 3842 2055 3895 blevata
2091 3845 2222 3908 vela,
2257 3846 2368 3898 site
2398 3846 2640 3909 tentoria,
2694 3844 2854 3899 decus
2883 3847 2963 3898 sui
2998 3847 3174 3914 operis
3217 3847 3396 3899 miriti-

1851 3949 1990 3999 cnm,
2023 3936 2157 4001 quod
2186 3936 2411 3988 involuta
2467 3937 2831 4004 nequiverant,
2889 3939 3088 3989 cunctis
3138 3939 3290 4006 longe
3322 3939 3398 3992 la-

1853 4031 2004 4088 teque
2029 4023 2410 4075 demonstrent.
2447 4023 2736 4076 Ostendaut
2781 4025 2961 4078 ﬁdeles
2992 4027 3390 4092 amplitudinem

1852 4110 1998 4162 bona:
2048 4110 2404 4177 operationis,
2475 4113 2919 4181 pulchritudinem
2972 4118 3164 4169 mentis
3207 4127 3271 4170 et'
3314 4119 3394 4170 in-

1851 4209 2010 4252 terna:
2038 4201 2239 4268 gratias,
2287 4218 2440 4269 quam
2471 4205 2704 4256 donante
2733 4205 2951 4258 Domina
3002 4218 3344 4275 perceperant
3373 4224 3384 4264 ;

1848 4304 1902 4345 ut
1929 4293 2163 4346 videntes
2195 4294 2417 4361 proximi
2470 4296 2602 4348 bona
2651 4312 2834 4350 eorum
2866 4313 3045 4367 opera,
3098 4295 3391 4366 gloriﬁcent

1853 4384 2054 4436 Patrem
2083 4385 2169 4452 qui
2204 4387 2251 4436 in
2283 4386 2430 4439 ctelis
2458 4396 2538 4438 cst
2563 4406 2573 4439 :
2603 4388 2904 4455 dicantqne,
2959 4391 3124 4454 Quam
3151 4387 3390 4438 amabilia

1845 4487 1960 4525 sunt
1990 4474 2304 4524 tabernacula
2332 4484 2418 4524 tua
2449 4514 2461 4537 ,
2514 4475 2724 4542 Domine
2761 4478 2996 4528 virtutum
3028 4477 3047 4527 Ι
3086 4475 3391 4539 concupiscit

1843 4576 1886 4617 et
1913 4567 2080 4631 tle/icit
2111 4569 2276 4615 anima
2307 4581 2412 4614 mea
2443 4566 2490 4614 in
2515 4567 2644 4615 atria
2678 4565 2880 4616 Domini
2906 4565 3121 4626 (Psalm.
3149 4564 3386 4629 mum).

1393 4771 1687 4875 LIBER
1739 4768 2201 4844 TERTIUS.

1644 4887 1936 4900 -—_—.

702 4941 914 4996 CAPUT
946 4941 1221 4995 PRIMUM.

421 5034 530 5086 Ulei
560 5033 799 5100 afferendi
833 5033 895 5082 ad
923 5033 1182 5083 lucernam
1210 5033 1502 5103 descriptio.

229 5125 451 5196 (Exod.
483 5125 689 5190 smn.)
718 5122 943 5189 Precipe
972 5123 1091 5189 ﬁliis
1117 5120 1300 5187 Israel,
1327 5134 1380 5174 ut
1407 5124 1622 5188 oﬂ’crant
1653 5127 1740 5179 tibi

178 5219 372 5278 oleum,
404 5226 504 5268 etc.
548 5214 814 5281 Disposito
857 5212 1342 5265 omni'ornamento
1391 5215 1733 5281 tabernaCnli,

176 5316 568 5373 consequenter
597 5305 755 5356 etiam
786 5305 958 5357 lumen
1003 5306 1228 5357 lucente
1278 5306 1615 5370 przevidetur,
1675 5318 1730 5360 ut

178 5378 342 5450 decor
373 5395 489 5459 ejus
511 5392 858 5456 admirabilis,
899 5396 1032 5446 sicut
1056 5391 1280 5445 interdiu
1315 5393 1512 5446 lumine
1542 5396 1724 5456 solari,

197 5497 243 5538 ta
279 5485 440 5538 etiam
470 5493 626 5536 noetu
656 5480 1006 5534 lucernalibus
1032 5481 1254 5534 ﬂammis
1281 5481 1571 5534 illustretur
1597 5499 1611 5547 ;
1664 5498 1730 5537 ne

181 5589 412 5641 unquam
448 5571 499 5624 in
530 5572 687 5624 domo
720 5570 807 5623 Dei
834 5571 1022 5638 aliquis
1055 5570 1387 5624 tenebrarum
1417 5570 1583 5634 locus,
1635 5573 1729 5624 ali-

176 5679 275 5729 qua
327 5663 632 5720 umbrarum
681 5662 844 5731 possit
873 5660 1000 5715 hora
1045 5661 1348 5726 subrepere.
1396 5659 1551 5713 Juxta
1603 5675 1725 5715 vero

1849 4952 2094 5018 mySticos
2124 4961 2327 5012 sensus,
2357 4945 2480 5012 quid
2508 4946 2762 5013 significet
2795 4947 2967 5000 lumen
2999 4947 3242 5009 luet‘rnae,
3286 4945 3384 5000 Do-

1849 5040 2019 5089 minus
2054 5053 2100 5088 tn
2136 5036 2416 5101 Evangelio
2446 5037 2676 5088 declarat
2705 5053 2718 5099 ;
2764 5036 2851 5101 qui
2897 5049 3014 5087 cum
3049 5051 3137 5098 per
3168 5032 3386 5100 parabo-

1845 5128 1945 5179 lam
1975 5127 2226 5178 dixisset:
2264 5123 2436 5190 Neque
2481 5126 2754 5176 accendunt
2802 5125 3073 5184 lucernam,
3121 5132 3163 5173 et
3195 5132 3384 5188 ponunt

1841 5235 1948 5270 eam
1976 5219 2062 5269 sub
2094 5217 2278 5276 modio,
2309 5218 2396 5267 sed
2426 5232 2572 5278 super
2597 5214 2971 5276 candelabrum,
3006 5224 3056 5264 ut
3091 5213 3247 5265 luceat
3277 5231 3382 5268 out:-

1839 5312 1982 5362 nitnw
2024 5309 2107 5372 qui
2147 5311 2197 5359 in
2237 5308 2384 5358 domo
2413 5315 2524 5358 sunt
2555 5323 2569 5366 ;
2612 5320 2727 5356 mox
2760 5315 2940 5368 aperte
2967 5306 3264 5372 subiunxit:
3295 5302 3384 5356 Sic

1840 5400 2002 5449 luceat
2028 5400 2114 5450 tua:
2154 5409 2318 5450 t'estra
2350 5412 2516 5466 coram
2561 5385 2861 5458 hominibus,
2897 5407 2946 5446 ut
2987 5397 3184 5447 videant
3232 5410 3381 5461 opera

1837 5497 1998 5540 t'estra
2027 5487 2153 5538 bona
2184 5485 2394 5556 (Matth.
2432 5485 2507 5550 v).
2544 5484 2774 5537 Lucerna
2800 5499 2923 5552 ergo
2949 5484 3128 5536 lucens
3151 5481 3200 5536 in
3223 5484 3381 5538 domo

1839 5576 1950 5640 Dei,
1985 5587 2106 5630 sunt
2135 5592 2293 5644 opera
2323 5578 2603 5643 justorum,
2655 5591 2769 5640 ane
2813 5585 3015 5627 mentes
3066 5575 3376 5628 intuentium

1837 5668 1942 5719 suis
1972 5667 2224 5734 exemplis
2254 5664 2568 5718 illuminant.
2625 5662 2812 5717 Verum
2843 5662 3142 5726 diligentius
3168 5663 3374 5717 intuen-
