3898 6260
424 414 430 420 -
487 373 615 434 -ιω

1015 372 1216 429 usus
1256 351 1694 428 VEBiEltABlIJS
1731 369 2006 424 ornavit

2151 365 2222 421 rts
2261 346 2321 421 η’.
2363 395 2430 441 έ-
2469 360 2852 421 εχεσετιω
2891 362 3204 419 ίιεΝωιΑ.

3625 362 3721 413 ibi

497 494 653 552 dum,
700 492 838 558 quod
877 497 932 542 ut
979 488 1187 540 lucerna
1235 497 1445 553 semper
1486 483 1908 537 intabernaculo
1959 480 2046 533 Dei
2077 476 2129 534 Α
2153 492 2415 546 nunquam
2447 479 2498 532 in
2526 489 2708 533 sancta
2740 466 3087 534 Ecclesia‘lua
3119 477 3553 545 pradicationis,
3587 492 3724 531 non-

425 563 443 577 :
499 584 675 653 quissit
719 581 938 633 arderu-
1003 577 1094 630 lilii
1143 575 1354 644 quidem
1408 575 1563 628 Israel
1611 572 1785 626 oleum
1836 570 2046 634 oll‘erre,

513 679 681 726 Aaron
712 681 882 724 autem
907 678 961 723 et
986 667 1077 723 lilii
1129 665 1246 727 eius
1291 668 1455 734 ipsam
1485 664 1752 718 lucernam
1791 661 2052 716 collocare

497 766 773 832 iubentur.
815 761 944 826 Qua
990 769 1072 814 est
1113 771 1241 826 ergo
1286 756 1398 810 ltiec
1441 753 1733 816 distinctio,
1781 762 1837 804 ut
1867 750 1931 802 ad
1956 765 2052 803 nu-

509 831 768 901 triemlntn
798 844 968 897 lucem
1001 841 1224 909 populus
1249 840 1424 892 oleum
1454 831 1640 890 oderat
1683 835 1735 890 in
1764 835 1922 890 domo
1953 833 2052 886 Do-

509 937 653 1000 mini,
683 944 738 988 et
766 933 1066 988 sacerdotes
1095 928 1359 984 lucernam
1380 925 1760 994 componant?‘
1782 922 1891 977 Nisi
1918 920 2053 975 forte

513 1027 611 1078 ltoc
638 1024 857 1092 ﬁgurate
882 1022 1188 1087 imperatur.
1234 1027 1290 1068 ut
1315 1015 1494 1068 lideles
1520 1023 1574 1068 et
1599 1011 1830 1080 re'igiosi
1851 1011 2052 1064 audito-

507 1129 591 1166 res
636 1123 871 1179 prompta
919 1110 982 1161 ad
1026 1106 1373 1160 obediendnm
1425 1104 1543 1160 litlei
1588 1102 1745 1157 corda
1792 1099 2045 1154 alferattt:

506 1207 750 1257 ilocwres
776 1215 901 1254 vero
929 1199 1008 1253 eis
1050 1196 1223 1267 ignem
1255 1194 1400 1249 vetbi
1428 1193 1677 1256 rmlcstis,
1726 1205 1828 1256 quo
1859 1190 2050 1243 illumi-

507 1298 694 1344 nentur
737 1287 802 1342 ad
853 1283 1265 1355 agnoscendum,
1312 1291 1365 1336 et
1399 1281 1784 1334 inllammentur
1824 1279 1888 1332 ad
1933 1278 2051 1332 dili-

507 1378 733 1441 gendum
779 1376 982 1435 Deum,
1039 1372 1376 1441 praedicando
1429 1373 1743 1426 min’strent.
1802 1356 1901 1424 Per
1947 1369 2049 1426 o‘ei

509 1479 730 1534 namque
760 1463 1145 1532 pinguedinem,
1197 1475 1296 1530 qua
1339 1471 1392 1515 et
1417 1461 1539 1514 lassi
1565 1471 1721 1529 atque
1749 1460 1937 1515 inlirmi
1965 1476 2058 1514 ar--

507 1565 590 1608 tus
616 1563 936 1617 recreantur,
981 1561 1033 1606 et
1059 1552 1222 1625 gratia
1267 1558 1544 1616 pratstaIur
1570 1551 1801 1611 luminis,
1843 1550 2048 1604 interna

507 1654 646 1706 smpe
668 1639 879 1693 d.lectio
902 1640 1114 1704 mentis,
1165 1648 1218 1692 et
1243 1653 1374 1704 opus
1406 1637 1780 1698 misericordia:
1807 1637 2049 1704 designa-

500 1736 612 1778 tur.
645 1723 771 1777 llinc
798 1725 988 1779 etenim
1019 1724 1289 1777 Psalmista
1322 1742 1334 1774 :
1378 1722 1485 1794 Ego
1524 1734 1715 1789 autent,
1753 1725 1880 1778 sicut
1916 1725 2047 1778 oliva

2150 583 2304 636 quain
2342 568 2499 623 debet
2539 569 2808 622 humilitas
2837 567 3132 622 auditorum
3163 581 3296 636 pura
3326 607 3342 630 ,
3395 582 3528 635 quae
3585 566 3621 618 Β
3645 580 3726 619 ne

2153 657 2376 711 libenter
2396 657 2641 724 excipiat,
2693 658 2796 710 imo
2817 666 2874 711 et
2897 657 3121 711 solerter
3169 655 3440 723 inquirat,
3498 656 3724 709 deesse.

2153 742 2292 798 Bene
2318 743 2524 797 additur
2546 759 2562 798 :
2594 741 2749 797 Extra
2775 743 2937 797 selum
2974 744 3106 810 quod
3131 759 3425 810 apponunt
3470 753 3559 796 est
3583 745 3724 796 tati-

2149 833 2335 886 mania.
2382 832 2493 887 Non
2523 834 2664 889 enim
2713 833 2844 886 intra
2874 835 3049 888 velum
3093 834 3214 888 cmli
3261 848 3400 900 opus
3449 833 3724 886 babes-sus

2151 925 2361 979 lucerna
2393 923 2807 993 Scripturarum.
2839 924 2929 980 ubi
2951 939 3074 978 arca
3100 933 3182 978 est
3212 924 3447 987 Domini,
3485 935 3552 977 at
3583 923 3724 975 Che-

2152 1014 2306 1067 rubin
2355 1012 2535 1084 gloria
2599 1014 3017 1082 propitiatoriuin
3081 1013 3404 1067 obumbrant
3435 1053 3450 1074 .
3508 1011 3568 1064 id
3618 1021 3722 1072 est,

2149 1102 2354 1170 agmina
2381 1100 2616 1156 rmiestis
2657 1101 2856 1156 militia
2881 1102 3101 1168 gloriam
3146 1101 3399 1155 incarnati
3434 1099 3570 1154 Filii
3606 1098 3718 1156 Dri.

2150 1208 2302 1258 quem
2327 1194 2499 1260 posuit
2514 1193 2651 1246 Dens
2679 1193 3102 1260 propitiationem
3118 1207 3210 1261 pro
3233 1191 3469 1259 peccatis
3487 1182 3719 1249 nostris

2149 1295 2377 1334 consona
2408 1295 2538 1336 voce
2565 1281 2874 1350 praedicant.
2904 1281 3045 1334 Bene
3073 1281 3312 1349 sequitur
3338 1298 3350 1332 :
3386 1279 3459 1332 Et
3485 1279 3719 1332 colloca-

2149 1369 2397 1421 bttnteatn
2433 1369 2600 1422 Aaron
2643 1378 2689 1422 et
2714 1369 2813 1437 ﬁlii
2832 1358 2941 1436 eius
2969 1386 2986 1432 ,°
3035 1370 3154 1438 quia
3184 1383 3287 1422 non
3334 1369 3590 1422 omnium
3638 1381 3722 1422 est

2149 1467 2476 1512 sacramenta
2525 1458 2648 1512 11δεὶ
2694 1460 2982 1526 predieare
3031 1460 3080 1511 in
3112 1459 3324 1528 populo,
3371 1460 3470 1513 sed
3521 1474 3716 1513 eorum

2149 1548 2500 1612 solummodo,
2551 1548 2637 1616 qui
2665 1546 2767 1601 sibi
2805 1556 2861 1600 et
2905 1549 3147 1601 castitate
3189 1547 3335 1614 ﬁdei,
3383 1557 3445 1601 et
3485 1561 3718 1601 esseea-

2151 1635 2293 1690 tione
2319 1637 2439 1691 boni
2469 1637 2644 1706 operis
2672 1637 2736 1689 ad
2770 1635 2902 1690 lliios
2931 1636 3123 1688 summi
3151 1635 3470 1698 sacerdotis,
3498 1634 3716 1688 Domini

2149 1725 2392 1778 videlicet
2416 1734 2468 1779 et
2517 1724 2806 1781 Salvatoris
2848 1723 3032 1788 nostri,
3086 1725 3353 1790 pertinere
3379 1724 3710 1790 probantur.

508 1814 761 1882 fructifera
783 1814 834 1865 in
861 1815 1006 1866 domo
1033 1811 1144 1876 Dei,
1169 1814 1357 1881 speravi
1381 1813 1433 1865 in
1460 1814 1802 1866 misericordia
1836 1812 1931 1867 Dei
1949 1814 2047 1867 ntei
2080 1801 2124 1861 Β
2147 1813 2409 1883 (laterum
2439 1815 2673 1884 quisquis
2703 1817 2784 1870 vel
2811 1831 2838 1868 a
2864 1815 3090 1884 puritate
3112 1815 3232 1869 lidei
3262 1830 3428 1884 pravo
3455 1816 3712 1884 dogmate

509 1907 559 1956 in
583 1913 837 1964 (τιον-ηψπ,
873 1911 920 1956 et
955 1903 1005 1953 in
1034 1902 1273 1955 sarculum
1313 1903 1486 1955 seculi
1507 1899 1723 1970 (Psalm.
1749 1903 1846 1966 LI).
1896 1905 1969 1957 Ac
1994 1905 2040 1956 si

509 2000 744 2058 patenter
766 1991 907 2044 dicat
933 2007 945 2042 :
976 1991 1100 2058 Ego,
1143 1991 1261 2058 quia
1298 1991 1670 2044 misericordias
1712 1991 1932 2045 fructum
1966 1993 2043 2045 in-

506 2081 797 2149 tligentibus
824 2079 1056 2140 exhibui,
1106 2079 1230 2131 milii
1257 2095 1466 2149 quoque
1511 2081 1561 2132 in
1592 2091 1847 2134 :rternum
1878 2095 1906 2131 a
1935 2080 2044 2135 Deo

509 2168 893 2237 rependendam
944 2168 1318 2222 misericordia:
1363 2169 1584 2235 gratiam
1629 2169 1856 2237 speravi.
1910 2169 2044 2238 Ergo

511 2256 603 2308 lilii
655 2255 810 2309 lsrael
841 2254 1061 2308 oﬂeraut
1090 2255 1286 2317 oleum,
1335 2258 1506 2310 Aaron
1534 2267 1706 2312 autent
1735 2265 1790 2310 et
1817 2257 1905 2310 lilii
1929 2257 2045 2326 ejus

507 2344 662 2396 allato
685 2342 804 2411 igne
829 2351 1145 2408 componant
1171 2341 1461 2405 lucernam,
1503 2357 1618 2411 qua:
1645 2343 1828 2398 ardeat
1872 2347 1920 2398 in
1967 2355 2045 2397 ta-

445 2490 453 2494 ,
507 2432 790 2486 bernaculo
838 2430 947 2485 Dei.
979 2429 1214 2484 Uli’erant
1247 2431 1468 2485 humiles
1493 2434 1766 2487 auditores
1813 2433 2045 2487 devotio-

487 2535 628 2576 nem
670 2522 770 2589 pia:
803 2522 1012 2582 mentis,
1060 2532 1113 2574 et
1165 2521 1452 2574 ministerio
1499 2523 1760 2576 sermonis
1806 2521 2047 2576 doctores

506 2614 726 2668 doceant
747 2627 838 2666 eos
860 2611 1088 2666 celestis
1115 2626 1303 2665 arcana
1326 2609 1594 2675 scientias;
1627 2612 1816 2678 quibus
1840 2613 2043 2680 regula-

507 2702 634 2756 riter
675 2700 919 2762 instituti,
967 2701 1092 2752 etin
1134 2707 1414 2767 conspectu
1461 2699 1541 2751 sui
1586 2699 1882 2753 Conditoris
1930 2701 2046 2767 igne

481 2790 777 2845 'cltaritatis
803 2791 1039 2849 ardeant.
1078 2797 1130 2839 et
1172 2787 1470 2841 ltominihus
1516 2787 1655 2840 foras
1698 2787 1864 2840 lucem
1897 2787 2046 2840 bona:

501 2881 730 2934 actitmis
754 2877 1049 2931 ostendant.
1080 2876 1369 2928 Romulum
1396 2879 1568 2929 autem
1591 2874 1733 2944 quod
1761 2891 1863 2929 non
1896 2876 2050 2928 indi!-

509 2971 738 3026 l'ereuter
779 2968 950 3022 oleum
1002 2965 1193 3020 offerre
1233 2967 1324 3018 lilii
1357 2965 1538 3030 Israel,
1592 2965 1694 3018 sed
1714 2980 1830 3018 cum
1859 2965 2046 3018 distin-

2146 1903 2376 1980 aberrat,
2409 1903 2490 1958 vel
2521 1904 2868 1972 integritatem
2918 1901 3139 1973 cognitae
3179 1911 3237 1958 et
3279 1914 3510 1958 servata
3562 1903 3708 1964 ﬁdei.

2144 2007 2362 2060 operum
2395 2007 2619 2060 nequam
2647 1992 2982 2060 improbitate
3003 1993 3430 2046 comitiaculata:
3465 1995 3709 2048 talisetsi

2145 2081 2432 2136 sacerdotis
2459 2081 2698 2147 nomine,
2731 2082 2814 2135 vel
2847 2094 3067 2148 persona
3093 2082 3442 2149 praeminere
3471 2082 3702 2146 videtur,

2146 2172 2484 2228 nihilominus
2510 2171 2783 2225 auditurus
2810 2179 2893 2226 est
2916 2186 2945 2224 a
2973 2171 3228 2225 Domino:
3283 2171 3460 2235 Quare
3481 2181 3534 2224 tu
3554 2187 3707 2224 eastr-

2146 2277 2226 2314 ras
2237 2261 2466 2333 justitias
2488 2277 2640 2324 meas,
2663 2269 2711 2313 et
2730 2261 2939 2313 assumis
2960 2267 3307 2326 testamentum
3336 2275 3504 2311 tttessat
3525 2274 3624 2327 per
3651 2275 3706 2312 as

2147 2360 2287 2403 tuum
2307 2351 2332 2403 2
2369 2349 2446 2402 Tu
2473 2365 2587 2402 vero
2607 2350 2758 2402 odisti
2787 2349 3131 2416 disciplinam.
3163 2357 3216 2403 et
3243 2358 3440 2403 extera
3474 2347 3702 2416 (Pulsis.

2148 2439 2313 2507 aus).
2339 2437 2534 2504 Quales
2563 2450 2615 2491 et
2641 2437 2865 2492 lacubus
2895 2453 2924 2491 a
2953 2438 3300 2493 collocatione
3323 2438 3556 2492 lucerna:
3587 2438 3702 2499 Dei,

2149 2525 2250 2579 hoc
2276 2536 2380 2590 est,
2416 2539 2444 2578 a
2478 2526 2641 2580 verbo
2669 2526 3052 2594 praedicationis
3075 2519 3296 2596 benigna
3325 2527 3703 2580 exhortatione

2149 2613 2386 2678 retrahit,
2417 2614 2595 2668 dicens
2621 2632 2632 2666 :
2665 2614 2838 2667 Nolite
2860 2615 3027 2683 plures
3054 2614 3168 2682 ﬁeri
3209 2615 3465 2684 magistri,
3513 2615 3701 2683 [utres

2145 2705 2260 2768 mei,
2302 2705 2508 2758 scientes
2533 2707 2768 2774 quoniam
2817 2707 2981 2776 majus
3011 2706 3266 2777 judicium
3306 2707 3508 2759 sumitis
3555 2705 3696 2774 (lac.

2148 2799 2247 2864 nt).
2281 2795 2410 2853 Illud
2443 2797 2684 2852 videlicet
2709 2796 2982 2866 judicium,
3012 2800 3148 2866 quod
3180 2799 3534 2867 praemisimus
3557 2803 3695 2868 jam-

2145 2886 2339 2941 dudum
2383 2887 2675 2942 Psalmista
2732 2903 2860 2943 voce
2909 2889 3260 2958 prtmissum.
3320 2889 3465 2944 Bene
3521 2903 3696 2944 autem

2148 2974 2315 3027 adhuc
2328 2976 2538 3028 additur
2567 2993 2578 3026 :
2609 2975 2671 3028 Et
2695 2992 2848 3045 usque
2867 2991 3010 3027 inane
3030 2975 3199 3028 luceat
3219 2991 3390 3027 coram
3413 2975 3542 3028 Dea.
3565 2973 3694 3030 Cum

487 3061 682 3116 ctione
707 3059 874 3113 oleum
897 3057 963 3111 de
985 3056 1259 3109 arboribus
1282 3056 1536 3108 olivarum
1562 3052 1928 3120 praecipiuntur
1949 3070 1963 3117 ;
1995 3061 2050 3106 et

2153 3066 2287 3118 enim
2319 3075 2470 3119 nocte
2501 3075 2758 3120 transacta
2789 3068 2965 3119 smculi
2996 3066 3170 3132 hujus,
3225 3080 3384 3118 niane
3411 3065 3570 3118 futuri
3599 3082 3698 3119 sa:-

488 3111 1000 3213 ins'uper'additur,
1057 3141 1423 3205 Purissimum,
1485 3111 2044 3209 piloque'contusum.

2157 3153 2260 3206 tuli
2289 3154 2552 3216 claruerit,
2587 3157 2652 3207 de
2681 3169 2784 3222 quo
2825 3111 3082 3220 praphel;
3118 3111 3282 3206 dicit:
3328 3151 3484 3206 Hane
3525 3157 3694 3206 astabo

510 3236 655 3290 Solet
679 3245 902 3301 namque
927 3231 1099 3284 oleum
1150 3231 1450 3294 nardinum,
1507 3231 1641 3283 solet
1673 3231 2047 3298 raplianinum,

511 3325 643 3379 solet
665 3323 730 3376 de
752 3335 901 3385 nuce,
949 3319 1026 3373 vel
1058 3318 1123 3371 dc
1149 3319 1306 3385 ligno,
1353 3319 1573 3386 alisque
1618 3320 1812 3374 diversi
1841 3322 2050 3389 generis

511 3411 782 3481 speciebus
809 3409 940 3474 lieri',
991 3406 1084 3461 sed
1111 3406 1309 3459 nullunt
1335 3406 1510 3460 oll‘erri
1560 3406 1680 3461 licet
1710 3407 2050 3462 tabernaculo

501 3503 630 3565 ~Dci,
661 3499 758 3552 nisi
786 3497 924 3566 quod
953 3496 1018 3550 de
1062 3496 1216 3564 lignis
1243 3496 1498 3548 olivarum
1547 3495 1826 3550 coniicitur
1853 3518 1867 3550 ι
1915 3500 2051 3552 situt

504 3603 616 3643 nec
647 3586 782 3655 ignis
823 3584 954 3637 alius
980 3596 1134 3649 quam
1169 3577 1260 3650 qui
1289 3584 1354 3636 de
1383 3584 1520 3637 caelo
1547 3584 1835 3650 descendit,
1887 3587 1965 3639 vel
1998 3587 2048 3640 in

526 3678 752 3740 lucernis
776 3675 968 3730 sanctis
996 3673 1202 3734 ardere,
1249 3672 1330 3724 vel
1378 3674 1425 3723 in
1454 3674 1601 3724 altari
1651 3673 1743 3727 Dei
1782 3675 1933 3729 debet
1963 3690 2049 3728 ac-

515 3785 705 3840 cendi:
775 3781 990 3836 Sanctus
1046 3779 1176 3831 enim
1230 3777 1457 3844 Spiritus
1507 3779 1789 3847 disciplina:
1843 3782 2050 3850 effugiet

516 3877 707 3944 ﬁctum.
749 3869 982 3924 Oﬂ'erant
1005 3882 1130 3936 ergo
1172 3866 1263 3919 lilii
1311 3867 1468 3920 lsrael
1493 3870 1662 3920 ofeum
1691 3871 1752 3922 ad
1783 3870 2047 3924 lucernam

517 3961 632 4025 Dei,
663 3974 764 4012 non
793 3959 1173 4027 qualecunque,
1225 3955 1316 4009 scd
1365 3958 1429 4010 de
1478 3957 1629 4024 lignis
1675 3959 1951 4023 olivaium,
1998 3969 2050 4015 ct

518 4055 617 4106 hoc
643 4051 1002 4119 purissimum,
1057 4048 1265 4115 piloque
1296 4058 1592 4101 contusum.
1645 4049 1880 4104 Oﬂ'erant
1925 4050 2045 4104 boni

521 4142 792 4196 auditores
820 4138 1178 4208 spiritualibus
1225 4137 1522 4190 doctoribus
1558 4141 1927 4193 conscientiam
1958 4157 2049 4206 pu-

520 4245 653 4292 ram,
695 4237 745 4282 et
775 4228 1044 4279 charitatis
1071 4229 1235 4293 gratia
1264 4225 1565 4288 fecundam,
1615 4229 1824 4294 piloque
1854 4228 2047 4282 sedulae

503 4316 846 4384 -.piobat:0uis
897 4313 964 4364 ab
1007 4313 1147 4364 omni
1193 4311 1433 4378 nequitia:
1497 4314 1868 4367 commixtione
1933 4330 2048 4381 per-

523 4407 866 4464 mundatam;
908 4416 1028 4470 qua
1055 4400 1166 4452 sola
1201 4401 1437 4453 videlicet
1475 4403 1758 4456 intentione
1809 4404 2045 4470 placendi
2081 4430 2127 4488 υ

521 4508 575 4550 et
602 4490 866 4548 serviendi
899 4489 1116 4542 Domino
1169 4488 1328 4542 verbo
1371 4492 1486 4555 ejus
1515 4491 1690 4543 audito
1739 4493 2045 4546 delectetur.

523 4583 717 4638 Oﬂerat
750 4581 917 4633 Aaron
967 4592 1082 4629 cum
1116 4576 1236 4630 ﬁliis
1281 4577 1390 4630 suis
1433 4577 1604 4646 ignem
1654 4594 1757 4632 noo
1802 4581 2049 4644 alienum,

532 4671 622 4722 scd
649 4670 880 4734 desuper
903 4665 1118 4717 missum
1149 4664 1212 4717 ad
1240 4665 1626 4718 accendendam
1655 4667 1918 4720 lucernam
1947 4685 1962 4731 ;
1993 4670 2052 4721 si-

526 4766 615 4810 cut
644 4757 796 4808 etiatn
849 4755 911 4804 ad
961 4753 1366 4804 consummauda
1410 4753 1742 4818 'ltulocausta,
1788 4771 1849 4808 ac
1895 4757 2053 4808 redu-

529 4843 679 4898 lenda
712 4841 1050 4907 tliymiaiuata
1083 4841 1357 4907 praedicent
1394 4842 1608 4895 verbum
1637 4844 1897 4905 doctores,
1950 4858 2051 4896 non

526 4928 701 4996 suum,
734 4930 821 4980 sed
855 4927 1077 4988 Duntitti,
1113 4938 1457 4994 protestantes
1503 4946 1619 4984 cum
1670 4933 1854 4987 llducia
1883 4951 1894 4984 :
1934 4931 2053 4985 Non

523 5022 650 5074 enim
691 5033 781 5069 nos
825 5031 1010 5077 sumus,
1053 5018 1176 5067 sicut
1217 5019 1438 5084 plurimi,
1479 5022 1816 5073 adulterantes
1855 5023 2052 5072 verbum

526 5110 637 5172 Dei,
664 5108 748 5160 sed
770 5120 831 5156 ea:
850 5105 1150 5174 sinceritate,
1177 5105 1263 5155 sed
1283 5120 1345 5157 ea:
1367 5105 1494 5169 Deo,
1533 5108 1657 5160 sicut
1686 5122 1853 5160 coram
1879 5106 1981 5161 Deo
2001 5111 2052 5160 in

521 5199 721 5250 Christo
742 5196 989 5263 loquimur
1013 5191 1064 5263 (1
1087 5193 1204 5245 Cor.
1231 5193 1310 5260 tt).
1347 5194 1451 5246 lloc
1477 5197 1595 5264 igne
1621 5207 1830 5250 utuntur
1857 5199 1919 5251 ad
1943 5199 2053 5252 illit-

523 5284 737 5337 stranda
769 5282 1067 5348 cognitione
1118 5283 1232 5334 lidci
1265 5281 1427 5334 corda
1458 5284 1771 5336 audientium
1800 5302 1812 5348 ;
1865 5287 1962 5338 boc
1988 5286 2049 5337 ad

524 5368 858 5435 perﬁcienda,
903 5381 964 5419 ac
996 5367 1100 5419 Deo
1144 5368 1392 5420 sacranda
1444 5367 1749 5422 holocausta
1790 5371 2049 5424 bonorum

523 5469 737 5520 operum
781 5468 1037 5511 suorum;
1085 5454 1182 5504 ltoc
1233 5456 1295 5507 ad
1339 5457 1659 5511 incendenda
1709 5459 2048 5528 tbytniatnata

523 5545 817 5595 orationqu
846 5551 1165 5593 sanctarum.
1211 5543 1346 5594 Dcite
1375 5557 1548 5598 autem
1589 5545 1820 5601 dicitur:
1857 5546 1922 5599 Ut
1967 5563 2051 5598 aro

525 5638 636 5686 deat
663 5635 862 5684 lucerna
907 5646 1094 5698 semper
1136 5632 1185 5682 in
1226 5634 1541 5685 tabernaculo
1586 5638 1892 5701 testimonii;
1933 5639 2048 5705 quia

2149 3245 2260 3308 tibi,
2281 3255 2327 3297 et
2351 3245 2522 3298 videbo
2545 3241 2762 3313 (Ps'alnt.
2785 3243 2860 3314 v),
2883 3259 2984 3297 non
3007 3244 3111 3312 jam
3135 3243 3272 3296 ultra
3298 3246 3510 3296 lucerna
3537 3244 3693 3296 libro-

2153 3348 2268 3386 runt
2295 3334 2605 3401 indigemus,
2623 3345 2907 3401 apparente
2924 3343 2978 3387 et
3006 3335 3300 3389 illustrante
3321 3350 3419 3387 nos
3438 3348 3559 3386 vera
3583 3335 3695 3390 lure

2152 3425 2348 3489 mundi,
2373 3426 2441 3489 de
2469 3440 2571 3492 quo
2595 3425 2724 3478 dicit
2745 3433 2799 3476 et
2815 3426 3062 3492 propheta
3093 3441 3107 3476 :
3148 3425 3307 3480 Vobis
3327 3439 3496 3480 autern
3517 3429 3690 3480 timo

2151 3515 2279 3567 tibus
2305 3531 2480 3568 nomen
2504 3530 2664 3567 meum
2715 3514 2903 3567 orietur
2947 3514 3040 3568 Sal
3071 3517 3290 3587 justitic
3313 3519 3567 3585 (Malui.
3597 3521 3689 3586 tv).

2221 3605 2500 3677 Perpetuus
2521 3607 2614 3660 erit
2637 3607 2821 3669 cultus,
2849 3616 2950 3663 etc.
2983 3606 3046 3660 Et
3075 3608 3186 3661 litec
3213 3608 3452 3662 clausula
3479 3613 3613 3663 sicut
3641 3619 3692 3662 et

2151 3695 2520 3763 prmcedcntia,
2578 3711 2694 3763 qua
2723 3694 2788 3748 de
2831 3696 3168 3749 tabernaculo
3205 3711 3267 3749 ac
3323 3697 3487 3761 vasis,
3538 3707 3689 3766 atque

2136 3785 2460 3838 utensilibus
2487 3785 2624 3851 ejus,
2669 3785 2804 3839 dicta
2833 3773 2978 3848 sunt,
3025 3787 3284 3854 spirituali
3330 3790 3495 3855 magis
3537 3802 3690 3842 sensu

2151 3886 2304 3940 quam
2326 3873 2522 3924 carnali
2549 3873 2885 3938 intelligenda
2908 3884 3064 3938 atque
3090 3875 3401 3939 exponenda
3431 3884 3529 3928 est.
3561 3877 3690 3939 Quo-

2153 3959 2308 4011 modo
2334 3958 2476 4013 enim
2497 3958 2646 4026 juxta
2680 3959 2902 4012 litteram
2934 3969 3214 4028 perpetuus
3239 3975 3359 4014 esse
3382 3963 3549 4028 potuit
3581 3964 3689 4016 cul-

2152 4057 2233 4103 tus
2257 4049 2418 4104 olllcii
2441 4049 2802 4113 sacerdotalis,
2833 4051 2918 4102 ubi
2949 4059 3004 4102 et
3032 4050 3200 4118 ipsum
3250 4052 3603 4104 sacerdotium
3636 4065 3688 4106 et

2151 4139 2562 4202 tabernaculum,
2597 4141 2646 4194 in
2676 4154 2779 4208 quo
2819 4139 3118 4208 gerebatur,
3149 4146 3202 4191 et
3233 4140 3465 4206 populus
3487 4143 3571 4194 cui
3599 4157 3686 4210 ge-

2149 4228 2380 4292 rebatur,
2407 4228 2710 4290 jamdudum
2741 4243 2856 4283 esse
2884 4229 3266 4282 cessaverunt?
3310 4229 3460 4283 Unde
3485 4239 3686 4283 constat

2151 4316 2329 4368 ltocin
2353 4328 2528 4370 sancta
2579 4317 2808 4370 Ecclesia
2859 4317 3077 4369 verbum
3125 4330 3244 4369 esse
3292 4317 3681 4384 complendum.

2151 4403 2237 4456 ubi
2266 4404 2664 4457 succedentibus
2699 4403 2797 4457 sibi
2830 4418 2921 4471 per
2957 4404 3193 4455 ordinem
3235 4402 3566 4470 doctoribus,
3610 4409 3680 4462 sic

2152 4491 2260 4544 mul
2303 4502 2356 4544 et
2381 4491 2701 4544 auditoribus
2731 4489 2984 4552 veritatis,
3034 4503 3298 4558 nunquam
3327 4489 3559 4546 deerunt
3583 4494 3682 4562 spi-

2149 4575 2363 4630 rituales
2407 4577 2498 4629 lilii
2550 4567 2725 4637 Israel,
2780 4572 2868 4641 qui
2913 4575 2966 4626 in
3020 4575 3232 4629 domum
3283 4575 3494 4633 Domini
3547 4581 3680 4635 dona

2151 4665 2357 4732 pietatis
2384 4663 2623 4722 oderant,
2671 4670 2726 4715 et
2767 4661 2856 4714 lilii
2907 4660 3101 4723 Aaron.
3135 4664 3181 4716 id
3211 4671 3312 4730 est,
3366 4665 3480 4720 veri
3510 4679 3704 4720 sacer-'

2151 4754 2288 4808 dotis
2317 4752 2498 4814 nostri,
2547 4751 2631 4819 qui
2666 4751 2764 4804 illis
2793 4751 2961 4806 lucem
2991 4751 3132 4807 verbi
3163 4753 3486 4817 ministrent,
3517 4754 3680 4810 donec

2151 4839 2413 4907 completo
2439 4839 2616 4892 σπαιιί
2665 4838 2822 4907 hujus
2846 4848 3005 4902 statu,
3056 4848 3108 4892 et
3137 4838 3252 4905 ipso
3279 4853 3493 4906 quoque
3518 4841 3678 4896 taba-

2153 4927 2339 4979 naculo
2370 4925 2456 4979 Dei
2487 4935 2616 4987 toto,
2652 4925 2700 4978 id
2730 4934 2829 4989 est,
2862 4927 3103 4978 universa
3132 4931 3424 4978 electorum
3455 4930 3678 4983 multitu-

2153 5016 2272 5068 dine
2299 5015 2363 5068 ad
2393 5029 2608 5081 regnum
2639 5019 2852 5067 caeleste
2874 5012 3144 5073 translata,
3199 5027 3302 5064 non
3352 5027 3511 5069 erunt
3555 5019 3679 5074 nlu-a

2152 5104 2238 5171 qui
2262 5105 2329 5157 ab
2358 5103 2659 5156 hominibus
2688 5101 2988 5154 erudiantur
3022 5100 3280 5164 homines,
3309 5117 3432 5157 cum
3459 5107 3531 5158 sit
3554 5106 3678 5160 Deus

2151 5195 2322 5248 omnia
2354 5193 2403 5246 in
2429 5193 2693 5247 omnibus.

2764 5277 2985 5332 CAPUT
3024 5279 3085 5333 ll.

2387 5370 2461 5422 De
2485 5368 2762 5422 sacerdotio
2786 5368 2951 5419 Aurea
2979 5377 3025 5420 et
3047 5369 3270 5434 ﬁliorum
3308 5373 3437 5438 ejus.

2223 5459 2412 5526 (Exod.
2440 5459 2639 5525 sxvm.)
2668 5457 2872 5525 Applica
2893 5473 3092 5527 quoque
3113 5459 3180 5511 ad
3205 5470 3251 5512 lc
3279 5461 3451 5514 Aaron
3482 5462 3676 5526 [κήκ

2157 5559 2312 5611 tuum,
2339 5561 2440 5602 etc.
2475 5549 2739 5613 Descripta
2767 5550 2958 5600 laetura
2988 5548 3334 5609 tabernaculi,
3361 5561 3673 5616 consequa-

2158 5648 2233 5690 tcr
2263 5638 2579 5700 sacerd.:tcs,
2597 5637 2683 5703 qui
2705 5636 2754 5689 in
2777 5649 2840 5688 eo
2857 5636 3174 5704 ministrent,
3197 5636 3530 5689 ordinantur.
3546 5637 3674 5699 Quo-
