3898 6260
195 377 315 436 ης

1013 372 1100 432 DE
1138 377 1630 435 TADERNACULO
1672 377 1756 432 ετ
1797 377 2208 466 VASlSﬁJUS.
2249 405 2313 422 ο-
2353 380 2477 449 LIB.
2522 378 2602 433 ΙΙΙ.

3276 379 3387 435 ton

196 501 328 541 rnm
376 485 585 554 quidem
617 485 877 538 ordinatio
896 492 948 539 et
973 484 1182 539 ltsbitus
1219 495 1360 542 recte
1393 483 1640 542 Ecclesia
1665 500 1748 540 sa-
1782 489 1825 542 Α·
1852 463 2048 537 minuto
2070 485 2394 540 Salvatorem
2422 484 2709 554 ﬁguraliter
2737 463 3055 538 insinuatum
3086 486 3386 552 accipimus,

195 577 512 634 rerdotibus
542 577 788 645 congruit
823 591 838 628 :
867 574 936 627 ita
961 585 1018 628 ιιι
1043 589 1202 629 omne
1217 574 1356 644 quod
1385 577 1490 630 illic
1519 576 1571 630 in
1601 592 1758 630 orna-

196 681 266 724 tu
297 670 518 724 vestium
545 668 744 720 clarum
771 668 1098 721 extrinsecus
1127 667 1376 736 fulgebat,
1414 667 1512 720 bnc
1548 666 1754 720 intelle-

192 769 350 812 CIm
371 755 705 823 spiritttaliter
725 755 774 808 itt
795 755 920 827 ipsis
941 754 1268 808 sacerdotum
1286 765 1586 810 nostrorum
1601 771 1752 807 utco-

193 847 350 900 tibus
373 844 533 897 altutn
558 843 701 897 intus
732 843 981 907 emineat,
1007 843 1106 896 boc
1126 843 1186 894 ‘in
1209 856 1392 896 eorum
1421 841 1622 894 actibus
1648 855 1754 908 pra:

191 933 416 988 caneris
465 933 692 985 ﬁdelium
757 931 961 986 meritis
991 931 1119 984 foris
1161 930 1446 999 gloriosum
1476 930 1751 985 clarescat.

194 1019 358 1076 Unde
386 1028 505 1088 apte
534 1019 832 1088 pracipitur
857 1019 1044 1089 Moysi,
1074 1030 1129 1072 ut
1155 1020 1381 1088 applicet
1407 1019 1472 1072 ad
1489 1034 1549 1072 se
1577 1020 1752 1072 Aaron

193 1111 425 1164 fratrem
455 1125 606 1163 suum
635 1125 753 1164 cum
782 1109 904 1162 ﬁliis
930 1110 996 1162 de
1027 1110 1200 1162 medio
1229 1109 1453 1162 ﬁliorum
1479 1108 1657 1172 lsrael,
1689 1110 1752 1163 ad

191 1198 525 1266 fungendutn
572 1198 866 1252 sacerdotio
899 1212 1076 1250 coram
1130 1196 1372 1250 Domino.
1421 1198 1647 1252 Necesse
1672 1207 1755 1252 est

191 1289 349 1343 enim
377 1299 432 1339 ut
462 1287 762 1355 quicunque
792 1286 856 1338 ad
891 1288 1145 1352 majorem
1201 1285 1252 1340 in
1293 1298 1474 1342 sancta
1523 1287 1753 1342 Ecclesia

187 1378 426 1446 gradum
484 1377 824 1445 promerendi
876 1387 1017 1441 sunt,
1049 1378 1250 1447 majore
1288 1379 1478 1434 mentis
1499 1379 1752 1435 industria

189 1482 325 1521 sese
347 1462 410 1520 ad
443 1465 609 1534 legem
643 1467 732 1520 Dei
765 1467 1053 1533 applicent.
1081 1468 1128 1518 id
1154 1476 1256 1532 est,
1312 1467 1604 1522 divinorum
1660 1469 1752 1521 ob-

187 1555 485 1611 servantia
509 1552 896 1617 mandatorum,
928 1556 1208 1609 solertiore
1223 1570 1330 1623 pra:
1349 1556 1555 1609 exteris
1577 1555 1754 1612 animo

188 1643 532 1710 copulentur.
585 1643 693 1698 Hoc
720 1657 799 1697 est
824 1633 965 1697 enim
1011 1658 1123 1708 eos,
1151 1646 1239 1714 qui
1293 1647 1590 1699 sacerdotio
1635 1647 1754 1701 fun-

187 1735 338 1788 cturi
374 1742 525 1800 sunt,
556 1732 623 1787 de
647 1731 822 1786 medio
851 1733 1077 1787 filiorum
1113 1735 1269 1789 Israel
1299 1737 1365 1789 ad
1397 1736 1626 1806 Moysem
1653 1751 1750 1806 ap-

188 1823 406 1892 plicari,
430 1823 678 1890 przrsules
706 1835 768 1876 ac
797 1821 1039 1877 doctores
1069 1832 1264 1878 sanctae
1305 1824 1575 1889 Ecclesiae,
1605 1840 1752 1880 com-

187 1927 418 1967 sttnuem
477 1912 634 1966 vitam
693 1913 982 1967 electorum
1036 1913 1287 1981 singulari
1319 1916 1506 1970 mentis
1529 1916 1754 1970 culmine

189 1991 600 2065 transcendere,
633 2009 684 2053 et
717 2000 963 2054 familiari
987 2001 1324 2069 inspectione
1347 2002 1467 2070 quid
1491 2003 1568 2058 les
1591 2018 1750 2072 gene-

189 2087 389 2143 raliter
418 2085 663 2141 omnibus
684 2089 894 2155 electis,
915 2088 1040 2159 qttid
1071 2104 1198 2146 vero
1225 2092 1404 2158 paucis
1428 2091 1754 2159 perfectiori-

189 2178 303 2229 ltus
330 2175 629 2243 specialiter
653 2175 916 2244 loquatur,
947 2179 1261 2244 attendere;
1292 2189 1348 2234 ut
1371 2182 1544 2234 altiori
1577 2182 1752 2235 excel-

189 2264 361 2320 lentia
385 2267 708 2329 nteritorum,
740 2266 804 2319 ad
829 2265 1012 2320 altiora
1068 2269 1272 2336 possint
1315 2273 1524 2336 prrtnia
1574 2286 1752 2340 perve-
1785 2336 1790 2339 Α

188 2355 334 2408 nire.
368 2353 495 2408 Nam
521 2353 658 2423 quod
697 2353 912 2408 fratrem
944 2371 1094 2408 suum
1149 2357 1352 2426 Moyses
1376 2372 1492 2410 cum
1542 2356 1662 2410 ﬁliis
1701 2359 1750 2412 in

188 2441 553 2494 sacerdOtium
601 2441 844 2495 ordinare
890 2444 1214 2512 pratcipitur,
1265 2444 1388 2513 quid
1433 2445 1583 2500 nobis
1609 2446 1748 2498 aliud

189 2525 426 2599 mystice
452 2529 806 2594 commendat.
839 2532 938 2585 nisi
967 2533 1102 2599 quod
1153 2549 1340 2586 omnes
1386 2534 1472 2602 qui
1518 2533 1748 2587 ofliciuut

189 2617 433 2672 doctoris
483 2617 796 2684 sortiuntur,
863 2629 1008 2674 tanto
1048 2622 1240 2674 debent
1277 2622 1450 2675 studio
1479 2631 1532 2676 et
1573 2638 1752 2676 amore

188 2698 531 2760 meditatidui
559 2706 750 2760 divina
777 2707 908 2775 legis
934 2708 1125 2761 Idhfl‘l’t
1145 2725 1224 2774 re,
1257 2721 1313 2764 ut
1333 2712 1480 2780 quasi
1503 2727 1768 2782 germana

190 2794 244 2849 ei
271 2795 548 2847 videantur
573 2793 889 2864 cognatione
915 2797 1220 2865 conjuncti?
1249 2799 1430 2867 Neque
1460 2801 1558 2853 hoc
1609 2801 1750 2869 quod

191 2885 357 2955 primi
384 2883 609 2937 filiorum
637 2886 811 2939 Aaron
839 2895 955 2954 post
985 2887 1396 2947 ordinationem.
1434 2903 1552 2942 cum
1578 2890 1751 2957 ignem

189 2973 430 3027 alienum
453 2973 702 3026 offerrent
729 2987 905 3027 coram
936 2975 1180 3037 Domino.
1205 2975 1324 3043 igne
1351 2977 1550 3047 rmlesti
1579 2977 1750 3044 perie-

192 3071 319 3116 runt
353 3106 368 3123 .
420 3075 450 3116 a
498 3061 879 3130 signiﬁcatione
930 3063 1246 3118 miserabilis
1302 3066 1464 3118 uestri
1497 3066 1749 3134 temporis

191 3151 414 3204 aberrat
446 3168 460 3215 ;
489 3126 578 3204 ubi
607 3151 844 3204 nonnulli
869 3154 1201 3206 sacerdotum
1228 3169 1291 3207 ac
1333 3126 1620 3209 doctornm-
1635 3156 1748 3210 loco
1773 3126 1822 3190 θ

193 3235 376 3305 potiti,
403 3238 540 3305 quod
569 3237 709 3290 dictu
733 3253 941 3306 quoque
986 3254 1145 3307 grave
1167 3254 1229 3294 ac
1249 3242 1466 3310 lugubre
1489 3243 1623 3297 satis
1649 3254 1750 3310 est,

191 3326 326 3379 dum
347 3324 519 3394 ignem
545 3325 847 3392 cupiditatis
874 3328 978 3394 igni
1007 3341 1251 3395 superna:
1284 3331 1577 3386 dilectionis
1607 3344 1752 3389 ante-

179 3424 432 3482 ponunt,
461 3415 584 3482 igne
606 3428 848 3482 superna:
874 3415 1089 3470 ultiOuis
1129 3430 1487 3476 assumuntur.
1522 3425 1751 3488 Quorum

195 3514 452 3572 perpetua
468 3507 736 3561 damnatio
750 3507 1024 3576 temporali
1039 3517 1120 3563 est
1135 3511 1359 3565 ﬁliorum
1384 3515 1557 3568 Aaron
1583 3526 1753 3572 morte

196 3594 439 3662 ﬁgurata.
470 3593 718 3659 Quamvis
739 3597 1127 3651 excellentioris
1151 3598 1312 3668 ﬁgura
1344 3603 1600 3671 mysterii,
1621 3619 1754 3671 quo-

195 3681 362 3734 modo
392 3681 780 3733 tabernaculum
810 3697 927 3734 cum
951 3685 1223 3738 ornatibus
1246 3700 1308 3738 ac
1336 3690 1474 3742 vasis
1497 3692 1606 3742 suis
1625 3706 1749 3744 san-

195 3776 342 3820 ctam
385 3765 624 3835 designat
651 3768 964 3834 Ecclesiam,
994 3773 1344 3838 pulcherrima
1371 3779 1616 3832 virtutum
1639 3783 1754 3837 sive

201 3871 554 3924 personarum
585 3857 816 3912 ﬁdelium
846 3860 1100 3918 varietate
1127 3864 1426 3921 distinctam
1455 3886 1470 3923 :
1498 3870 1565 3924 ita
1592 3873 1750 3926 etiam

197 3960 435 3999 summus
457 3946 695 4014 ejusdem
723 3950 1042 4005 tabernaculi
1067 3957 1316 4009 sacerdos
1345 3958 1562 4028 ﬁguram
1609 3971 1754 4017 tenet

198 4035 315 4117 veri
342 4038 600 4103 pontiﬁcis
622 4038 748 4095 Jesu
794 4041 1012 4103 Christi.
1042 4045 1129 4111 qui
1159 4051 1496 4116 semetipsum
1566 4054 1754 4109 obtulit

198 4121 517 4176 oblationem
547 4135 598 4177 et
627 4125 846 4180 hostiam
879 4128 984 4181 Deo
1016 4146 1108 4198 pro
1137 4133 1286 4185 nobis
1315 4135 1365 4186 itt
1389 4136 1606 4190 odorem
1632 4155 1748 4192 sua-

200 4211 396 4263 vitatis.
445 4209 544 4275 Qui
588 4215 744 4265 etiam
795 4215 910 4282 jure
939 4213 1109 4284 potest
1135 4221 1292 4274 frater
1341 4223 1502 4292 Moysi
1537 4229 1746 4281 vocari:

200 4300 322 4363 quis
367 4299 509 4352 enim
556 4300 779 4365 amplius
819 4303 968 4356 alteri
1025 4306 1256 4362 fraterno
1278 4321 1359 4365 est
1402 4313 1598 4368 findere
1619 4331 1748 4370 con-

201 4381 392 4450 nexus,
442 4401 596 4454 quam
643 4385 886 4444 Christus
933 4391 1119 4459 Moysi,
1172 4397 1269 4463 legi
1326 4404 1511 4468 gratia,
1544 4390 1762 4459 Novum,

204 4470 598 4527 Testamentum
620 4476 836 4530 Veteri?
862 4493 979 4532 cum
1007 4490 1062 4533 et
1091 4482 1200 4549 ipse
1226 4485 1430 4554 Moyses
1463 4493 1566 4544 tale
1592 4493 1656 4546 de
1684 4509 1749 4548 eo

205 4563 557 4616 testimonium
590 4566 796 4633 reddat,
844 4570 1022 4624 dicens
1053 4572 1242 4639 populo
1285 4589 1438 4641 quem
1489 4579 1746 4635 docebat:

209 4648 513 4705 Pt‘dnltetam
535 4658 596 4706 de
613 4666 758 4723 gente
784 4669 871 4711 tua
892 4670 938 4713 et
967 4662 1029 4714 de
1054 4662 1292 4728 fratribus
1320 4666 1446 4730 suis,
1478 4669 1604 4720 sicut
1651 4687 1745 4734 me,

204 4741 458 4794 suscslabit
488 4741 573 4794 tibi
596 4742 840 4798 Dominus
871 4747 1006 4802 Detts
1053 4762 1194 4816 ttttts,
1232 4752 1395 4820 ipsum
1449 4759 1642 4810 audies.
1687 4759 1750 4811 Et

209 4834 362 4895 paulo
387 4841 508 4900 post
539 4848 600 4885 es
632 4849 852 4900 persona
881 4837 1082 4892 Domini
1109 4859 1120 4892 :
1146 4841 1455 4906 Prophetam
1497 4848 1747 4899 suscitabo

206 4922 276 4992 cis
313 4925 374 4974 de
423 4923 582 4974 medio
634 4928 846 4990 fratrum
898 4943 1102 4979 suorum
1147 4932 1355 4984 similem
1383 4937 1474 4997 tui,
1497 4947 1542 4988 et
1569 4954 1751 5006 ponam

209 5010 352 5070 serta
384 5027 492 5063 mea
520 5012 572 5064 in
595 5028 679 5064 ore
706 5015 812 5080 ejsts
842 5016 859 5080 (
889 5015 1035 5069 Dent.
1068 5031 1190 5072 xvttt
1215 5019 1254 5087 ).
1289 5022 1448 5087 Cuius
1503 5028 1750 5093 nperibus

209 5096 549 5161 admirandis,
581 5117 697 5167 quae
725 5117 878 5155 nemo
899 5103 1033 5157 alius
1061 5104 1199 5172 fecit,
1234 5119 1378 5163 recte
1409 5113 1587 5166 habitu
1646 5118 1751 5168 Aa-

211 5199 305 5237 ron
356 5187 486 5240 mira
551 5193 800 5245 varietate
853 5194 1066 5257 insignis
1118 5209 1469 5265 comparatur,
1500 5204 1579 5256 vel
1609 5217 1752 5260 certe

211 5287 380 5329 Vestes
401 5281 901 5343 Asronmultifarim.
929 5300 1138 5338 omnem
1160 5287 1444 5342 electorum
1475 5304 1668 5346 cretum
1697 5295 1746 5348 in

213 5369 352 5419 varia
392 5382 736 5437 personarum
791 5376 1198 5445 meritorumque
1248 5379 1493 5434 distantia
1542 5382 1750 5439 Christo

213 5457 562 5541 avlltzerentcm
585 5457 877 5527 designant,
913 5474 1042 5518 teste
1072 5468 1342 5536 Apostolo,
1373 5471 1459 5536 qui
1491 5473 1563 5524 ait
1589 5490 1598 5523 :
1629 5475 1748 5540 Qui-

212 5556 400 5609 rttngtte
445 5547 578 5598 enim
621 5548 672 5599 in
701 5549 899 5603 Christe
948 5557 1183 5622 baptizati
1208 5559 1341 5622 estis,
1367 5559 1622 5614 Christum
1667 5565 1747 5616 in-

215 5632 386 5690 dat'stis
413 5634 562 5706 (Cat.
598 5652 650 5692 Ill
675 5641 712 5706 ).
738 5640 870 5694 Cum
902 5654 1076 5700 autem
1103 5649 1152 5700 in
1185 5663 1404 5718 persona
1441 5651 1612 5706 Aaron
1645 5655 1744 5708 Do-

1839 561 1998 639 iquod
2055 571 2188 627 ﬁlios
2209 572 2410 637 Aaron,
2441 575 2528 640 qui
2553 581 2606 626 et
2635 571 2732 641 ipsi
2766 575 2814 625 in
2866 573 3216 628 sacerdotium
3252 576 3389 628 uncti
3419 624 3444 644 ._

1851 669 1992 725 sunt,
2018 661 2116 714 nisi
2155 661 2422 730 apostolos
2443 662 2657 725 (Iltristi,
2687 662 3151 730 apostolorumque
3185 679 3390 719 succes-

1849 763 2020 813 sores.
2050 759 2102 803 et
2124 758 2342 804 cunctos
2370 751 2600 804 ﬁdelium
2633 753 2912 820 magistros
2940 751 3235 821 signiﬁcare
3260 752 3392 805 dica-

1852 840 2004 891 mus?
2035 838 2156 892 Hzcc
2177 839 2387 907 quidem
2436 841 2508 894 ita
2541 841 2904 908 principaliter
2926 841 2992 894 de
3033 841 3254 895 Domino
3278 857 3390 908 pos-

1850 940 1970 984 sunt
1989 930 2184 998 accipi;
2210 931 2302 984 sed
2328 946 2424 984 nos
2453 935 2618 1001 magis
2642 933 2693 986 itt
2743 933 2820 988 eis
2847 949 2963 1002 qua:
2997 933 3060 988 ad
3089 935 3394 1002 significan-

1851 1018 1975 1071 tiatu
1999 1029 2191 1073 nostra:
2214 1020 2264 1074 in
2292 1021 2515 1074 D-snioo
2536 1024 2634 1092 pia
2647 1023 3060 1078 conversationis
3073 1027 3392 1093 pertineant,

1850 1123 2076 1176 qumque
2109 1110 2173 1162 ad
2202 1113 2580 1165 correctionem
2626 1123 2924 1167 nostrorum
2979 1114 3257 1183 respiciant
3283 1130 3393 1178 meo

1851 1212 1964 1249 ruttt
1981 1237 1995 1259 ,
2027 1198 2176 1251 decet
2203 1200 2408 1253 intueri.
2442 1200 2689 1267 Sequitur
2713 1217 2726 1251 :

2452 1288 2672 1342 CAPUT
2721 1287 2780 1341 III

2097 1375 2169 1429 De
2192 1377 2468 1431 sacerdotio
2491 1379 2656 1432 Aaron
2684 1391 2730 1433 et
2755 1381 2976 1444 ﬁliorum
3020 1383 3146 1451 ejus.

1923 1463 2195 1534 Faciesqu
2246 1475 2427 1519 restent
2478 1479 2703 1519 sanctam
2757 1469 2923 1522 Aaron
2956 1471 3099 1537 fratri
3147 1481 3253 1531 tuo.
3289 1481 3393 1525 ctc.

1852 1551 2036 1605 Vestes
2058 1563 2256 1606 sanctae
2285 1555 2457 1606 Aaron
2489 1569 2615 1622 quas
2642 1555 2716 1608 illi
2767 1558 2973 1626 Moyses
3019 1556 3176 1625 fecit,
3229 1573 3390 1625 opera

1851 1648 1974 1694 sunt
1997 1640 2211 1709 jnstitia:
2231 1652 2283 1695 et
2313 1643 2624 1705 sanctitatis,
2647 1659 2763 1710 qun
2813 1645 3082 1714 Scriptura
3126 1661 3288 1700 sacra:
3316 1647 3392 1700 le-

1822 1798 1823 1801 η
1852 1729 1930 1798 gis
1959 1730 2264 1784 doctoribus
2294 1731 2534 1784 habenda
2555 1732 2912 1796 commendat,
2962 1747 3290 1802 quorumque
3345 1735 3396 1788 in

1785 1808 1827 1867 Β
1857 1819 1935 1872 bis
1956 1819 2042 1887 qui
2066 1833 2381 1887 pracessere
2410 1821 2461 1872 in
2483 1820 2710 1884 Christo,
2744 1822 2989 1886 exempla
3019 1837 3133 1887 quat
3188 1821 3393 1875 imiten-

1853 1917 1958 1974 tur,
1985 1908 2236 1962 ostendit.
2265 1908 2544 1976 Sapientes
2569 1918 2744 1962 autetn
2775 1910 3101 1976 corde.quus
3114 1910 3177 1962 ad
3203 1910 3394 1962 faciettc

1848 1995 1945 2048 das
1971 1995 2181 2050 easdem
2203 2006 2377 2051 vestes
2403 1997 2539 2051 Deus
2567 1997 2757 2064 spiritu
2817 1999 3108 2065 prudentia:
3151 1999 3391 2062 replevit.

1850 2082 1947 2151 ipsi
1984 2092 2107 2136 sunt
2139 2087 2414 2151 propheta:
2433 2096 2486 2138 et
2516 2086 2755 2151 apostoli.
2810 2087 3094 2153 caiteriquo
3142 2082 3387 2139 doctores

1851 2173 2102 2240 veritatis,
2125 2174 2211 2243 qui
2239 2175 2394 2228 nobis
2430 2175 2760 2243 apertissime
2782 2175 3047 2245 quomodo
3089 2176 3264 2229 vivere
3311 2190 3392 2227 sa-

1851 2263 2113 2326 cerdotes,
2137 2273 2192 2318 et
2222 2264 2448 2318 ministri
2478 2264 2657 2317 altaris
2681 2266 2904 2332 qualiter
2923 2264 3113 2320 docere
3143 2264 3384 2327 debeant.

1849 2353 1966 2406 sive
1991 2354 2234 2422 exemplo
2253 2369 2361 2408 sua
2383 2355 2624 2418 actionis,
2650 2368 2742 2407 seu
2797 2354 2957 2409 verbo
3010 2354 3389 2408 exhortationis
3450 2424 3452 2427 λ

1849 2441 2148 2496 ostendunt.
2202 2444 2276 2497 De
2317 2445 2504 2511 quibus
2547 2455 2626 2498 est
2681 2443 2805 2497 illud
2839 2443 3073 2512 Apostoli
3092 2443 3155 2496 ad
3178 2441 3385 2496 Titum:

1853 2531 2055 2600 Oportet
2083 2533 2520 2601 enimgepiscopum
2548 2533 2652 2584 sine
2673 2534 2881 2585 critttt'ns
2917 2549 3044 2597 esse,
3075 2541 3128 2586 tu
3167 2529 3260 2584 Dei
3291 2533 3394 2585 dis-

1851 2629 2194 2684 pettsatorem;
2223 2635 2322 2672 non
2343 2611 2630 2686 superbum,
2653 2636 2752 2672 non
2777 2620 3100 2680 iracundum,
3124 2635 3222 2673 non
3255 2619 3394 2670 uina.-

1852 2706 2061 2769 lentttm,
2094 2723 2192 2759 non
2237 2723 2598 2774 percussorem,
2651 2723 2752 2759 non
2778 2707 2939 2776 turpis
2971 2706 3099 2759 lucri
3127 2707 3391 2774 cupidum;

1846 2796 1938 2849 sed
1961 2795 2278 2866 hospitalem.
2308 2796 2592 2865 benignum,
2616 2794 2859 2858 sobrium,
2893 2798 3116 2864 justam,
3143 2806 3390 2855 sanctum,

1851 2887 2202 2950 continentem,
2231 2885 2606 2953 amplectente»:
2631 2900 2741 2937 eum
2768 2884 2853 2952 qui
2902 2883 3178 2936 secundum
3206 2881 3392 2934 doctri-

1853 2991 1968 3027 nam
1985 2984 2058 3028 est
2083 2974 2280 3040 fidelem
2305 2989 2585 3027 sermonem
2602 2973 2730 3040 (Tit.
2758 2989 2772 3027 ι
2803 2973 2843 3039 ).
3283 3023 3288 3027 .

1924 3063 2048 3118 Hac
2071 3070 2238 3116 autem
2251 3062 2533 3116 vestimenta
2561 3072 2722 3127 erant,
2753 3076 2868 3130 qui:
2895 3062 3100 3129 facient,
3117 3069 3222 3116 etc.
3246 3063 3390 3126 Quo-

1853 3153 2008 3206 modo
2027 3152 2137 3206 ltrec
2156 3153 2359 3221 singula
2391 3152 2524 3206 facta
2554 3153 2681 3216 sint,
2729 3151 2929 3221 plenius
2969 3151 3021 3205 in
3051 3152 3392 3220 sequentibus

1852 3238 2158 3306 explicatur.
2193 3238 2469 3298 Rationale
2499 3249 2673 3294 autem
2703 3240 2934 3309 pectoris
2959 3239 3185 3302 habitus,
3213 3253 3394 3307 super-

1854 3329 2125 3385 bumerale
2152 3338 2235 3383 est
2259 3333 2631 3394 humerorum;
2664 3331 2832 3383 tunica
2861 3338 2913 3381 et
2941 3330 3075 3384 linea
3110 3331 3308 3393 stricta,
3341 3329 3389 3382 id

1854 3427 1958 3483 est,
1980 3417 2218 3481 camisia,
2247 3426 2411 3470 totum
2442 3431 2638 3482 corpus
2670 3417 2932 3483 nperiunt,
2991 3416 3184 3470 cidaris
3238 3426 3394 3484 caput

1852 3517 2020 3569 ornat,
2053 3505 2293 3558 baltlteus
2340 3514 2616 3572 utramque
2667 3506 2921 3579 tunicam,
2942 3506 3106 3560 simul
3136 3514 3190 3559 et
3217 3519 3392 3573 supcr-

1855 3593 2126 3645 bumerale
2174 3591 2366 3645 arctius
2395 3594 2460 3644 ad
2489 3605 2680 3660 corpus
2699 3600 2863 3659 aptat.
2889 3589 3087 3662 Quibus
3114 3607 3202 3648 ses
3235 3593 3386 3648 indu-

1856 3681 2050 3734 mentis
2072 3681 2289 3735 inferitts
2311 3680 2589 3748 septimum
2613 3681 2845 3750 jungitur
2869 3690 2922 3735 et
2949 3669 3211 3745 Octavum,
3243 3682 3394 3737 fenti-
3460 3665 3464 3670 ’

1855 3768 1990 3822 Italia
2019 3769 2262 3823 videlicet
2291 3770 2448 3833 linea,
2479 3769 2542 3821 ad
2585 3769 2989 3836 cooperiendum
3046 3785 3256 3823 carnem
3284 3780 3394 3823 tur-
3436 3821 3439 3825 .

1853 3856 2132 3925 pitudinis.
2166 3869 2218 3912 et
2247 3858 2438 3911 lamina
2469 3871 2627 3911 aurea
2651 3859 3062 3923 supercidarint,
3097 3874 3212 3923 quze
3243 3859 3391 3912 titulo

1853 3947 2076 4000 ttom'nis
2137 3945 2337 3998 Domini
2382 3928 2595 3998 caeteris.
2633 3944 2789 3997 altior
2831 3946 3069 3998 omnibus
3109 3945 3390 4001 emittebat.

1853 4033 2064 4089 Lineam
2091 4046 2265 4086 autent
2313 4034 2547 4088 strictam
2598 4033 2744 4097 dicit,
2798 4035 3039 4101 quoniam
3093 4036 3394 4088 adltzrreb-tt

1853 4123 2082 4186 corpori,
2103 4132 2154 4173 et
2183 4122 2251 4172 ita
2277 4130 2420 4173 arcta
2445 4129 2558 4174 erat
2584 4120 2853 4173 adstrictis
2883 4121 3100 4172 manicis
3121 4159 3135 4183 ,
3170 4129 3225 4171 ut
3253 4123 3391 4173 nulla

1851 4209 1898 4262 ei
1927 4209 2140 4262 Omnino
2166 4202 2528 4284 rugaittesset.
2583 4206 2952 4261 Descendebat
3002 4219 3175 4275 autem
3233 4223 3396 4275 usque

1852 4298 1914 4350 ad
1943 4303 2115 4362 Crura,
2147 4297 2284 4352 unde
2307 4289 2364 4350 et
2385 4296 2564 4351 Graece
2591 4297 2834 4364 pnderes,
2864 4299 2912 4350 id
2943 4307 3044 4361 est,
3081 4299 3254 4352 talaris
3297 4314 3389 4352 vo-

1853 4388 2087 4441 cabatur.
2114 4385 2204 4440 His
2224 4395 2342 4440 octo
2372 4387 2648 4453 generibus
2678 4387 2902 4440 vestium
2928 4386 3156 4450 pontifex
3185 4398 3384 4454 tempo-

1858 4492 1912 4529 re
1932 4477 2170 4529 sacriﬁcii
2200 4477 2401 4529 solebat
2423 4475 2583 4528 indui.
2621 4479 2657 4528 Ε
2685 4460 2872 4544 quibus
2912 4488 3061 4528 erant
3086 4486 3306 4543 quatuor
3331 4489 3386 4530 et

1853 4565 2070 4618 tuinoris
2101 4565 2298 4617 ordinis
2319 4564 2678 4616 sacerdotibus
2708 4577 2982 4627 concessa,
3006 4561 3271 4617 femiualia
3302 4566 3389 4619 vi-

1849 4657 2056 4718 delicet,
2087 4656 2218 4710 linea
2249 4654 2516 4718 stricta,et
2545 4655 2801 4716 baltbeus,
2831 4663 2885 4709 et
2904 4641 3117 4709 cidaris.
3163 4655 3390 4710 Decebat

1846 4746 2006 4810 enim,
2035 4753 2089 4797 ut
2113 4759 2215 4808 quo
2246 4743 2446 4810 majore
2463 4743 2579 4811 quis
2608 4743 2768 4813 gradu
2815 4754 2954 4799 esset
3011 4743 3226 4813 insignis
3246 4784 3259 4806 ,
3323 4757 3390 4796 eo

1851 4827 2085 4899 pluribus
2139 4843 2192 4885 et
2243 4833 2488 4886 virtutum
2540 4835 2740 4888 actibus
2785 4833 3106 4886 admirandis
3141 4833 3384 4899 fulgeret.

1851 4922 2044 4976 Cuncta
2073 4932 2243 4976 autem
2268 4923 2395 4975 bunt
2421 4923 2490 4976 de
2512 4937 2660 4986 auro.
2691 4924 3035 4990 pretiosisque
3081 4923 3382 4984 colorihus;

1853 5011 1968 5079 quia
1991 5011 2117 5062 nihil
2147 5011 2251 5062 vile
2279 5024 2340 5062 ac
2361 5011 2629 5064 sordidum
2662 5014 2714 5064 in
2734 5011 3020 5064 sacerdotis
3041 5028 3133 5066 ore
3160 5012 3239 5073 vel
3261 5026 3384 5078 ope-

1853 5113 1908 5152 re
1937 5099 2093 5151 debet
2119 5111 2407 5163 apparere;
2439 5099 2530 5152 sed
2562 5107 2745 5152 cuncta
2794 5115 2907 5164 qua:
2957 5101 3096 5167 agit.
3146 5101 3388 5152 universa

1851 5201 1966 5255 qua
1989 5184 2236 5254 loquitur,
2265 5188 2437 5239 omnia
2485 5201 2600 5256 quas
2627 5188 2822 5255 cogitat
2843 5227 2857 5248 .
2884 5197 2938 5240 et
2959 5201 3133 5254 coram
3162 5186 3390 5247 homini,-

1854 5275 1950 5329 bus
1980 5276 2248 5342 praeclara,
2269 5277 2388 5329 etin
2412 5287 2698 5345 conspectu
2730 5277 2916 5332 interni
2972 5275 3156 5330 arbitri
3181 5285 3392 5343 oportet

1852 5378 1968 5418 esse
1992 5364 2232 5430 gloriosa.
2613 5366 2618 5369 '

2472 5455 2690 5508 CAPUT
2733 5454 2814 5506 IV.

2361 5541 2434 5594 De
2456 5543 2851 5609 superhmttcrali

1925 5633 2128 5686 Facient
2159 5634 2822 5700 autemsuperltttmrrulc,de
2845 5646 2987 5700 auro,
3008 5640 3109 5686 etc.
3136 5631 3394 5700 Quoniam
