3898 6260
436 460 437 463 ‘
526 476 633 535 ter
704 543 713 553 θ
1009 471 1209 527 ποτε
1250 471 1700 528 VENERABlLlS
1737 467 2018 529 Ol’littlm

2154 468 2236 524 iis
2275 468 2339 524 ll.
2383 500 2446 512 —
2490 474 2874 536 EXECETlCA
2916 482 3235 539 CENL‘INA.
3654 487 3734 545 “8

528 599 579 648 in
602 592 831 646 humeris
849 605 1003 645 onera
1036 599 1243 659 portare
1270 591 1525 652 solemus,
1559 591 1681 661 quid
1705 606 1798 660 per
1815 588 2070 667 supet'ltu-
2101 592 2142 644 Α
2178 597 2506 651 peccatorum
2526 590 2575 643 in
2597 580 3046 661 contetttptoribus
3067 608 3213 652 curet
3238 597 3582 668 increpando
3598 616 3731 656 cum;

528 682 723 736 meralc
753 680 1025 750 pontificis,
1053 680 1148 734 nisi
1172 682 1378 735 labores
1408 682 1661 735 batiorutn
1684 696 1923 750 Operam,
1953 696 2073 748 qua:
2174 677 2380 733 burere.
2422 680 2551 734 Cum
2582 684 2723 736 enim
2753 686 3080 740 auditoribus
3101 689 3209 742 suis
3243 690 3569 746 dulcissima
3600 693 3723 748 Scrir

521 775 716 846 jngiter
734 789 908 828 coram
938 772 1160 826 Dotuino
1188 773 1326 827 ferre
1353 772 1538 851 debet,
1578 772 1962 827 ostenduntur?
2008 776 2073 827 Et
2174 782 2439 835 lvurarmn
2481 787 2671 826 arcana
2702 775 2813 828 sive
2841 777 3087 851 miracula
3114 819 3130 842 ,
3178 790 3273 832 aut
3313 784 3609 849 parabolas
3636 785 3727 839 De

527 878 649 936 apte
678 868 844 935 primo
866 870 930 920 de
986 865 1399 932 superhumerali
1457 846 1698 919 faciundo
1745 865 2068 934 praecipitur;

526 962 645 1028 quia
669 961 902 1028 quisquis
924 959 986 1011 ad
1020 957 1373 1011 Sacerdotium
1402 957 1865 1027 magisterinmque
1893 958 2069 1027 populi

527 1050 616 1105 Dei
647 1050 1030 1117 promovendos
1058 1059 1157 1111 est,
1192 1049 1417 1116 printum
1442 1048 1556 1116 ejus
1576 1047 1766 1101 debent
1797 1063 1955 1115 upera
1981 1062 2070 1101 r0-

521 1143 725 1208 guosri,
755 1150 811 1193 ut
837 1142 958 1192 dum
985 1139 1082 1191 hoc
1109 1140 1247 1207 quod
1296 1138 1437 1192 foras
1465 1137 1709 1193 omnibus
1743 1148 1904 1204 patet,
1933 1138 2067 1190 irre-

528 1228 1246 1309 preltcnsihile’apparuerit,
1302 1229 1678 1283 convenienter
1723 1244 1787 1281 ex
1834 1238 2067 1297 tempore

516 1324 677 1379 etiam
720 1323 986 1388 integritas
1015 1321 1189 1374 cordis
1216 1320 1350 1387 ejus,
1382 1330 1435 1373 et
1459 1320 1577 1373 fidei
1601 1320 1877 1373 sinceritas
1904 1336 2066 1374 scru-

515 1424 671 1469 tetur.
699 1412 1137 1479 Supetlmmcralc
1158 1427 1283 1480 ergo
1309 1412 1447 1479 quod
1492 1412 1542 1464 in
1569 1412 1804 1465 humeris
1826 1414 2064 1479 gestabat

516 1511 768 1579 pontifex,
802 1509 925 1564 illud
954 1507 1313 1578 evangelicum
1330 1521 1463 1559 onus
1490 1507 1829 1573 accipiamus,
1863 1507 1928 1561 de
1956 1523 2061 1577 quo

515 1603 762 1655 Dominus
789 1601 860 1653 ait
889 1618 899 1651 :
932 1596 1119 1667 Iugum
1145 1598 1277 1649 enim
1306 1612 1469 1648 meum
1522 1612 1671 1649 suave
1716 1608 1809 1662 est,
1841 1607 1887 1651 et
1933 1614 2060 1651 onus

509 1708 672 1745 meum
695 1691 795 1743 leve
818 1688 1029 1756 (Matth.
1053 1702 1105 1739 ιι
1131 1686 1169 1754 ).
1202 1684 1351 1750 Quod
1377 1684 1704 1737 manifestius
1731 1685 1852 1738 alibi
1908 1685 2061 1740 nobis

512 1781 906 1844 commendans,
929 1781 1101 1834 aiebat
1128 1795 1141 1832 :
1166 1778 1353 1845 Siquis
1378 1776 1481 1829 uult
1512 1787 1620 1843 post
1650 1793 1725 1829 me
1751 1778 1931 1844 venire,
1964 1777 2058 1830 ab—

512 1881 651 1941 neget
680 1873 994 1939 sentetipaum
1016 1908 1033 1933 ,
1063 1878 1110 1923 et
1142 1867 1286 1920 tollat
1314 1882 1509 1919 crucem
1555 1883 1698 1920 suam
1735 1869 1982 1935 quotidie,
2011 1880 2057 1922 et

2172 856 2295 911 tuini
2324 863 2652 931 evangelicas
2675 867 2892 934 exponit
2918 906 2934 931 ,
2966 874 3105 921 velut
3133 870 3186 922 in
3218 871 3399 925 habitu
3434 888 3538 928 suo
3565 876 3719 946 fulgo-

2164 946 2278 1000 rem
2309 950 2438 1002 lucis
2467 952 2715 1005 ostendit.
2750 956 2817 1007 At
2843 970 2959 1010 cum
2992 967 3205 1025 propter
3233 959 3373 1013 viam
3407 966 3719 1031 superbien-

2171 1039 2296 1090 timn
2325 1080 2339 1102 ,
2370 1056 2777 1098 commemorata
2804 1056 2998 1101 eterna
3027 1050 3229 1104 ultione
3274 1056 3506 1118 percutit
3529 1094 3545 1119 ,
3579 1060 3717 1122 quasi

2170 1120 2420 1183 lcirorem
2466 1133 2690 1187 llatntttae
2739 1139 2971 1191 voratttis
3019 1139 3071 1193 in
3100 1142 3285 1195 eodem
3327 1120 3718 1214 asttectautilnzs

2165 1218 2507 1273 denmustrat.
2548 1224 2726 1291 Neque
2752 1226 2892 1278 enim
2923 1227 3143 1298 quisque
3173 1234 3394 1286 verbum
3426 1234 3630 1291 faciens
3657 1244 3713 1291 ad

2166 1309 2434 1375 populum,
2470 1312 2549 1366 vel
2579 1314 2743 1366 >0llllll
2777 1318 3106 1385 increpandis
3137 1336 3414 1389 pravorum
3462 1330 3712 1398 reatibus,

2166 1400 2247 1451 vel
2296 1400 2465 1455 solum
2508 1405 2666 1459 debet
2711 1404 3098 1476 Scripturarum
3129 1416 3430 1469 reseraudis
3473 1420 3713 1474 insistere

2162 1488 2380 1541 secretis
2402 1529 2418 1555 ,
2463 1506 2529 1545 nc
2559 1495 2639 1547 vel
2678 1496 2746 1549 de
2772 1490 3104 1565 peccatorum
3155 1507 3523 1561 tantummodo
3540 1524 3714 1564 coire-

2162 1582 2339 1648 ptione
2367 1584 2644 1651 disputans
2666 1627 2682 1652 ,
2711 1587 2845 1644 forte
2864 1580 3043 1646 minus
3072 1594 3298 1650 libenter
3324 1600 3567 1653 audiatur
3591 1618 3605 1664 ;
3638 1607 3711 1656 vel

2161 1674 2527 1739 mysteriorum
2550 1685 2752 1732 tantum
2779 1682 2954 1735 abdita
2980 1698 3223 1740 reserans
3249 1727 3264 1752 ,
3294 1690 3469 1742 minus
3495 1691 3710 1747 fortasse

2160 1762 2257 1828 eis,
2283 1778 2412 1830 quos
2438 1767 2721 1823 emendare
2747 1770 2950 1835 debuit,
2986 1774 3170 1838 prosit.
3200 1774 3303 1829 Sed
3335 1792 3451 1829 cum
3474 1793 3535 1831 ex
3571 1790 3710 1833 utre—

2161 1869 2266 1919 que
2294 1870 2594 1911 sermonem
2622 1870 2897 1927 temperat,
2927 1875 2979 1916 et
3001 1866 3309 1919 suavitatem
3335 1870 3575 1923 videlicet
3601 1888 3708 1923 cu:-

513 1973 748 2032 sequatur
778 1960 1054 2029 iaculare.
1079 1957 1340 2025 vttt,).Fit
1359 1967 1535 2011 autem
1556 1957 1689 2011 idem
1707 1957 2053 2025 Sttpcrlmme-
2089 1941 2136 1999 B
2162 1944 2367 2000 lestium
2397 1958 2725 2004 secretorum
2751 1953 3083 2010 audientibus
3111 1958 3387 2025 pandendo
3406 2001 3422 2025 ,
3452 1970 3508 2013 et
3534 1976 3711 2015 corre-

511 2053 620 2106 rale
642 2051 708 2104 de
737 2065 864 2103 auro
887 2060 940 2104 et
980 2048 1281 2120 hyacintho,
1309 2062 1370 2101 ac
1394 2061 1645 2115 purpura,
1676 2061 1940 2117 coccoque
1976 2047 2053 2103 bis

508 2144 692 2203 tincto,
712 2141 871 2212 bysso
893 2146 1110 2193 retorta.
1140 2138 1216 2192 De
1238 2136 1640 2204 aurovidelicet,
1656 2148 1709 2192 et
1736 2149 1859 2193 ante
1877 2140 2052 2195 omnia

508 2235 556 2284 in
576 2231 753 2286 habitu
772 2230 1061 2285 sacerdotis
1078 2228 1376 2283 intellectus
1398 2230 1673 2297 sapientia:
1696 2232 2054 2299 principaliter

502 2320 712 2374 emicet.
744 2319 838 2372 Cui
870 2328 1043 2371 autem
1073 2317 1405 2387 hyacinthus,
1446 2318 1535 2379 qui
1578 2319 1723 2372 aerio
1751 2320 1948 2379 colore.
1967 2336 2054 2374 re-

502 2406 767 2473 splendet,
795 2406 1094 2474 adiungitur
1118 2422 1130 2470 ;
1161 2413 1217 2457 ut
1247 2420 1339 2472 per
1365 2420 1521 2477 omne
1550 2408 1687 2475 quod
1712 2408 2052 2478 intelligendo

504 2508 763 2566 penetrat,
820 2514 921 2552 non
987 2498 1050 2551 ad
1082 2498 1283 2552 favores
1338 2498 1565 2562 infimos,
1595 2500 1689 2553 sed
1719 2500 1784 2555 ad
1811 2517 2047 2556 amorem

497 2592 787 2646 caelestium
821 2599 1120 2660 surgat;ne
1167 2592 1289 2646 dum
1344 2597 1458 2647 suis
1504 2593 1763 2647 incautius
1810 2594 2051 2647 laudibus

502 2687 755 2749 pascitur,
781 2685 896 2755 ipso
924 2689 1083 2741 etiam
1107 2689 1345 2743 veritatis
1372 2689 1641 2743 intellectu
1654 2701 1715 2739 va
1751 2697 1923 2740 uetur.
1945 2691 2049 2737 Au-

502 2789 563 2828 to
580 2791 787 2843 quoque
812 2789 865 2831 et
895 2777 1177 2848 hyacintho
1195 2793 1421 2846 purpura
1446 2777 1809 2845 permiscetur,
1826 2785 1882 2827 ut
1907 2774 2051 2827 vide—

500 2865 625 2920 licet
649 2867 976 2922 sacerdotale
1000 2882 1092 2922 cur
1118 2883 1238 2922 cum
1257 2883 1481 2931 summa,
1510 2882 1628 2937 qua:
1645 2867 1911 2935 pratdicat,
1928 2878 2049 2933 spe-

496 2969 607 3027 ηιῖ
639 2960 690 3015 in
722 2963 1005 3031 semetipso
1034 2964 1191 3018 etiam
1220 2964 1581 3034 suggestiones
1599 2962 1846 3015 vitiorum
1871 2960 2040 3028 repri-

496 3062 623 3118 mat,
679 3054 867 3124 eisque
912 3056 1051 3110 velut
1096 3073 1159 3111 ex
1219 3058 1363 3127 regia
1409 3062 1667 3124 potestate
1696 3051 2042 3115 contradicat,

497 3153 755 3214 quatenus
782 3146 1107 3203 nobilitatem
1139 3163 1351 3217 semper
1401 3146 1600 3201 intima:
1626 3142 2042 3209 regenerationis

496 3233 734 3301 aspiciat,
766 3238 1068 3291 etcmlesus
1097 3240 1244 3309 regni
1277 3238 1377 3292 sibi
1410 3237 1643 3291 habitum
1677 3235 1911 3288 moribus
1939 3232 2043 3288 de-

495 3319 695 3377 fendat.
735 3324 1003 3389 Quamvis,
1051 3335 1106 3379 ut
1153 3327 1391 3393 superius
1445 3340 1585 3392 saepe
1630 3323 1826 3377 dictum
1855 3332 1959 3388 est,
1993 3325 2042 3377 itt

491 3425 755 3481 purpureo
807 3414 986 3469 colore
1042 3416 1208 3484 possit
1255 3416 1365 3488 ipsa
1416 3416 1602 3473 effusio
1647 3413 1915 3480 sanguinis
1946 3429 2042 3482 pro

491 3503 726 3569 Christo,
756 3506 837 3562 vel
867 3507 1188 3561 diversarum
1220 3508 1495 3563 tolerantia
1542 3524 1903 3580 pressurarum
1962 3510 2041 3562 in-

490 3595 675 3665 telligi.
710 3595 823 3663 Ipsa
850 3597 988 3651 enim
1018 3606 1099 3652 est
1127 3608 1448 3669 umquam
1467 3611 1744 3670 Seqttenles
1760 3600 2039 3655 Dominum

490 3685 727 3753 quotidie
749 3687 885 3741 ferre
906 3686 1173 3756 iubemur.
1225 3688 1373 3743 Unde
1429 3691 1619 3745 merito
1667 3691 1783 3745 talis
1830 3691 2035 3759 species

490 3776 634 3830 inter
654 3776 786 3831 alias
812 3778 1030 3831 humero
1070 3781 1358 3836 sacerdotis
1405 3784 1644 3852 refulget,
1688 3794 1741 3837 ut
1773 3784 1941 3851 ipsum
1970 3783 2034 3836 ad

491 3866 737 3935 patienda
756 3867 972 3923 adversa
1003 3884 1213 3937 semper
1261 3872 1445 3933 doceat
1466 3888 1582 3928 esse
1610 3886 1868 3941 paratum.
1895 3879 2037 3928 Auro

490 3967 688 4026 autem,
722 3960 1005 4030 hyacintho
1031 3976 1093 4014 ac
1118 3976 1357 4031 purpurae
1387 3962 1467 4015 bis
1514 3962 1706 4015 tinctus
1732 3978 1921 4017 coccns
1944 3965 2037 4016 ad-

484 4048 740 4118 jungitur,
772 4060 827 4104 ut
856 4061 978 4103 ante
1003 4050 1192 4105 interni
1219 4050 1413 4119 judicis
1435 4051 1616 4106 oculos
1668 4052 1843 4105 omnia
1874 4053 2036 4105 virtu-

486 4152 601 4196 tum
636 4142 768 4197 bona
818 4157 883 4198 ex
914 4144 1168 4197 charitate
1212 4144 1562 4207 decorentur;
1591 4153 1645 4197 ut
1681 4153 1868 4198 cuncta
1921 4160 2038 4211 qua:

484 4247 658 4285 coram
692 4233 992 4287 hominibus
1020 4233 1251 4293 rutilant.
1280 4231 1390 4286 haec
1420 4234 1474 4285 in
1506 4240 1792 4301 conspectu
1841 4233 2033 4287 occulti

484 4322 665 4375 arbitri
690 4322 897 4375 llamma
932 4322 1096 4376 intimi
1123 4322 1315 4376 amoris
1360 4324 1625 4377 accendat.
1660 4323 1789 4392 Quae
1836 4322 2037 4381 scilicet

484 4407 737 4470 Charitas.
765 4426 863 4479 qua
894 4412 1052 4464 Dctttn
1081 4413 1235 4465 simul
1266 4427 1326 4465 ac
1356 4414 1649 4479 proximum
1670 4414 1862 4484 diligit,
1885 4416 2031 4482 quasi

481 4513 545 4551 ex
574 4497 767 4567 duplici
797 4501 1015 4553 tinctura
1047 4502 1300 4569 fulgescit.
1328 4504 1429 4557 Sed
1461 4520 1578 4558 cum
1606 4521 1753 4559 mens
1777 4508 1840 4560 ad
1876 4522 2023 4575 pra:-

484 4600 634 4658 cepta
664 4588 934 4643 charitatis
965 4589 1211 4653 tenditur,
1251 4600 1411 4645 restat
1442 4595 1817 4660 proculdubio,
1850 4608 1907 4649 ut
1938 4613 2031 4665 per
2059 4626 2107 4685 υ

482 4679 853 4734 abstinentiam
905 4694 1029 4734 caro
1076 4690 1390 4735 macerctur.
1443 4682 1590 4736 Unde
1633 4692 1685 4737 et
1733 4684 1814 4738 bis
1861 4686 2028 4739 tincto

480 4784 639 4824 cocco
671 4780 803 4825 torta
829 4772 1015 4843 byssus
1044 4773 1359 4843 adjungitur.
1400 4773 1471 4826 De
1518 4782 1653 4828 terra
1683 4776 1875 4829 etenim
1904 4778 2028 4846 bys-

478 4874 569 4913 sus
596 4862 777 4915 nitenti
805 4862 980 4930 specie
1018 4862 1200 4915 oritur.
1243 4863 1307 4916 Et
1344 4863 1466 4930 quid
1510 4880 1603 4933 per
1638 4868 1848 4921 bvssum
1878 4908 1891 4930 ,
1924 4867 2022 4921 nisi

489 4954 716 5021 candens
739 4950 927 5009 decore
971 4954 1220 5007 munditia
1268 4957 1556 5023 corporalis
1599 4957 1856 5010 castitatis
1885 4958 2027 5010 desi-

478 5041 708 5110 gnatur?
751 5042 879 5109 Quae
916 5044 1157 5097 videlicet
1200 5052 1339 5098 terra
1368 5046 1736 5112 pulchritudini
1762 5048 2023 5112 superbu-

474 5128 698 5183 tneralis
745 5129 1058 5193 innectitur;
1109 5133 1227 5197 quia
1260 5143 1397 5189 tunc.
1419 5134 1725 5186 castimonia
1758 5134 1820 5187 ad
1854 5136 2025 5200 pet-fe-

479 5228 621 5273 ctum
672 5219 940 5273 munditiae
987 5220 1269 5273 candorem
1300 5222 1502 5273 ducitur
1529 5263 1543 5283 ,
1577 5237 1695 5275 cum
1742 5237 1836 5290 per
1864 5221 2026 5275 ab-ti-

482 5312 712 5364 nentiam
747 5325 869 5363 caro
892 5302 1170 5374 fatigatur.
1224 5310 1399 5363 Potest
1436 5313 1501 5365 de
1529 5328 1687 5366 cocco
1712 5353 1727 5377 ,
1759 5312 1846 5380 qui
1894 5312 2027 5380 ignis

484 5402 657 5471 specie
683 5402 921 5472 refulget,
948 5410 1000 5457 et
1034 5402 1132 5455 hoc
1159 5417 1259 5455 non
1288 5404 1713 5457 inconvenientcr
1741 5403 1870 5467 dici;
1902 5404 2021 5472 quia

480 5496 699 5549 fortasse
736 5493 854 5549 ideo
882 5496 959 5549 bis
1006 5495 1194 5550 tinctus
1242 5493 1354 5562 fieri
1402 5506 1717 5564 prmceptutn
1747 5496 1834 5560 sit,
1879 5498 2017 5565 quod

479 5585 612 5658 ignis
641 5588 901 5662 duplicem
932 5589 1123 5644 habere
1146 5590 1249 5642 vim
1281 5586 1446 5642 soleat
1472 5629 1487 5654 ,
1520 5590 1705 5643 urendi
1735 5591 1943 5644 scilicet
1970 5597 2026 5642 et

478 5679 704 5735 luceudi.
731 5680 892 5749 Cujus
919 5690 1154 5735 naturam
1195 5680 1384 5733 imitari
1419 5680 1693 5746 praesulem
1724 5720 1740 5743 .
1778 5681 1829 5735 in
1862 5680 2023 5734 verbo

477 5770 723 5823 nimirum
756 5770 1009 5822 doctrina:
1029 5770 1293 5832 salutaris,
1322 5779 1552 5837 oportet,
1582 5779 1637 5823 ut
1664 5780 1717 5824 et
1745 5772 1910 5825 lucem
1945 5773 2023 5823 vi-

480 5857 673 5913 delicet
689 5857 922 5914 scientia:
947 5858 1363 5914 desiderantibus
1390 5860 1593 5930 aperire
1610 5902 1624 5928 ,
1648 5869 1701 5916 et
1730 5862 2020 5931 rubiginem

2156 2036 2647 2105 Clionem‘mornm,
2698 2057 2793 2110 per
2837 2059 2990 2113 quam
3036 2045 3224 2101 horum
3269 2050 3547 2117 participes
3601 2053 3707 2105 fieri

2155 2125 2365 2181 valeant
2402 2130 2707 2195 suadendo,
2758 2136 2906 2201 quasi
2947 2134 3028 2188 bis
3069 2136 3288 2191 tinctum
3326 2139 3378 2192 in
3405 2139 3587 2194 habitu
3612 2154 3707 2194 suo

2156 2217 2383 2283 pontifex
2414 2219 2558 2273 cocci
2589 2220 2840 2289 fulgorem
2872 2222 3216 2278 demonstrat.
3630 2208 3655 2217 ’

2227 2308 2367 2362 Duas
2395 2327 2509 2364 oras
2528 2316 2734 2383 juncta:
2761 2316 2957 2370 habebit
2982 2319 3033 2371 in
3063 2331 3274 2387 utroque
3320 2322 3473 2375 latere
3499 2326 3705 2376 ειηιπιὶ-

2153 2398 2329 2461 tantm,
2360 2408 2463 2454 etc.
2500 2402 2572 2455 De
2600 2404 2699 2457 hoc
2730 2406 2779 2457 in
2817 2408 3156 2473 sequentibus
3183 2412 3255 2462 ita
3283 2409 3479 2465 dicitur
3510 2430 3522 2463 :
3558 2412 3703 2467 Fecit

2155 2488 2310 2557 igitur
2328 2508 2486 2561 super
2540 2495 2810 2550 ltumerale
2834 2497 2900 2550 de
2930 2513 3077 2564 auro,
3128 2500 3417 2569 hyacintho
3440 2542 3457 2566 ,
3499 2512 3550 2556 et
3578 2520 3703 2571 pur-

2154 2595 2304 2648 pura.
2350 2583 2416 2636 Et
2447 2586 2601 2652 paulo
2634 2595 2755 2654 post
2785 2605 2795 2639 :
2834 2587 3075 2655 Duasque
3102 2604 3224 2659 oras
3265 2591 3491 2645 invicem
3538 2608 3700 2662 copu-

2152 2670 2285 2722 latas
2322 2672 2373 2725 in
2422 2684 2646 2742 utroque
2669 2676 2833 2730 latere
2859 2678 3244 2734 summitatum.
3276 2680 3351 2734 Ex
3380 2697 3487 2747 quo
3514 2685 3699 2735 verisi-

2151 2760 2273 2814 mile
2300 2762 2506 2817 videtur
2535 2764 2672 2834 quod
2715 2768 2906 2835 plicata
2939 2778 3084 2822 veste
3112 2769 3410 2838 conjunctae
3451 2772 3548 2826 sibi
3590 2775 3698 2827 fue-

2153 2852 2259 2905 rint
2280 2867 2384 2905 orae
2414 2854 2685 2924 utriusque
2714 2862 2879 2926 partis
2910 2858 2962 2913 in
2995 2871 3217 2930 utroque
3246 2862 3411 2917 latere
3430 2878 3459 2916 a
3492 2879 3695 2919 sursum

2152 2957 2316 3011 usque
2364 2944 2645 3011 deorsum;
2687 2947 2759 3001 ita
2790 2949 3150 3005 utdimidium
3180 2954 3343 3015 vestis
3390 2952 3693 3008 intuentium

2148 3033 2315 3087 oeulis
2340 3034 2467 3088 foris
2498 3047 2800 3104 appareret,
2832 3040 3107 3094 dimidium
3140 3057 3269 3095 vero
3310 3041 3453 3096 aliud
3484 3043 3695 3096 interius

2151 3124 2375 3190 lateret;
2427 3129 2519 3181 sed
2547 3142 2656 3182 ora:
2685 3139 3027 3199 utrorumque
3074 3131 3395 3201 conjuut‘tr.
3444 3148 3609 3204 usque
3632 3136 3690 3187 ad

2146 3224 2410 3268 curemus
2439 3218 2658 3284 angulos
2685 3219 2749 3270 ad
2782 3218 3029 3274 inferiora
3053 3219 3459 3277 descenderent.
3504 3223 3558 3277 In
3586 3237 3686 3292 quo

2072 3284 2119 3347 (ἶ
2149 3302 2272 3371 quid
2313 3302 2452 3356 aliud
2476 3306 2626 3357 nobis
2655 3308 2829 3376 typice
2874 3308 3296 3377 intelligendum,
3344 3311 3443 3364 nisi
3476 3322 3531 3365 ut
3571 3284 3685 3365 cum

2144 3392 2282 3446 bona
2308 3391 2436 3446 furis
2477 3407 2637 3461 opera
2666 3395 2919 3461 proximis
2959 3398 3309 3463 ostendimus,
3340 3400 3527 3455 eadem
3556 3400 3689 3455 intus

2142 3497 2322 3551 coram
2364 3481 2587 3538 Domino
2631 3483 2833 3553 integra
2878 3487 3186 3542 servemus?
3233 3477 3302 3544 ne
3346 3504 3571 3558 unquam
3609 3490 3687 3545 vel

2145 3575 2445 3637 castitatem
2471 3588 2615 3643 purae
2644 3575 2978 3644 cogitationis
3008 3580 3179 3633 minor
3205 3580 3305 3647 pia:
3333 3581 3556 3649 actionis
3576 3596 3682 3650 per-

2140 3662 2296 3717 feCIio
2345 3671 2616 3731 sequatur,
2642 3665 2751 3723 ,vel
2782 3665 3158 3734 perfectionem
3197 3679 3551 3737 consequatur
3572 3683 3683 3737 qua:

2137 3752 2345 3807 videtur
2401 3754 2579 3813 oneris
2640 3754 3093 3825 imperfectioris,
3124 3759 3319 3813 mentis
3367 3758 3587 3813 intentio
3618 3774 3679 3813 ea

2137 3850 2285 3910 parte
2307 3842 2595 3897 solitariam
2624 3845 2906 3915 relinquat.
2931 3846 3034 3902 Sed
3053 3850 3202 3916 quasi
3227 3850 3347 3904 duae
3370 3864 3480 3905 ora:
3503 3865 3679 3920 super-

2140 3930 2428 3987 humeralis
2468 3933 2567 3987 sibi
2598 3934 2821 3989 invicem
2850 3938 3185 4004 copulantur,
3214 3939 3339 3993 dum
3370 3940 3545 3994 omnia
3572 3954 3679 4009 qua:

2137 4022 2269 4077 foris
2297 4023 2432 4078 bona
2464 4008 2841 4090 monstramus,
2868 4028 3007 4081 intus
3027 4042 3151 4096 pura
3180 4038 3234 4082 et
3254 4030 3482 4097 simplici
3507 4033 3673 4085 inten-

2138 4112 2278 4164 tione
2303 4112 2411 4165 Deo
2436 4113 2672 4180 placendi
2696 4118 2947 4183 gerimus.
2970 4118 3034 4171 Et
3063 4118 3161 4172 hoc
3185 4119 3236 4171 in
3267 4128 3492 4187 utroque
3517 4120 3673 4174 latere

2136 4202 2617 4271 superbumeralis,
2663 4214 2719 4259 ut
2765 4206 2903 4260 inter
2939 4209 3163 4263 adversa
3195 4220 3250 4264 et
3282 4226 3533 4280 prospera
3559 4227 3680 4267 cono

2139 4292 2289 4347 cordi
2321 4307 2536 4361 semper
2555 4295 2765 4349 actione
2783 4305 2837 4351 et
2863 4299 3184 4367 cogitatione
3209 4301 3477 4358 Conditori
3504 4320 3676 4360 nostra

2135 4381 2447 4437 serviamus.
2477 4384 2685 4438 Deserit
2712 4400 2941 4455 namque
2967 4403 3059 4442 ora
3090 4388 3303 4445 brevior
3330 4391 3589 4457 lationem.
3619 4409 3676 4447 ac

2134 4470 2475 4529 discordante
2514 4490 2758 4530 mensura
2807 4477 2858 4532 in
2907 4493 3065 4533 unum
3106 4481 3281 4535 redire
3311 4493 3594 4552 nequeunt,
3634 4484 3674 4535 si

2134 4577 2255 4618 cum
2294 4566 2627 4620 extrinsecus
2676 4567 2810 4622 bona
2860 4565 3034 4623 facere
3078 4586 3175 4639 pro
3212 4583 3412 4627 aeterna
3457 4572 3672 4626 retribu-

2136 4658 2278 4710 tione
2322 4659 2612 4721 cernimur,
2656 4660 2947 4716 iutcmionc
2992 4662 3228 4731 placendi
3269 4663 3594 4725 horninibus.
3623 4663 3672 4717 in

2136 4755 2343 4799 secreto
2380 4748 2573 4801 mentis
2604 4749 2953 4814 implicantur,
3003 4753 3323 4823 humanique
3352 4753 3546 4810 favoris
3570 4766 3673 4807 uta-

2135 4836 2214 4903 gis
2235 4851 2389 4903 quam
2421 4840 2539 4890 vita:
2572 4838 2845 4893 invisibilis
2877 4844 3086 4906 praemia
3121 4844 3458 4912 requirimus.

2208 4924 2425 4993 Ipsaque
2475 4934 2671 4981 textura
2720 4939 2766 4981 et
2814 4942 2993 4985 cuncta
3042 4934 3206 5003 operis
3247 4937 3461 4990 cariem
3496 4936 3589 4989 erit
3615 4949 3673 4989 es

2136 5034 2281 5081 auro,
2315 5026 2416 5071 etc.
2453 5017 2565 5071 Non
2606 5020 2657 5072 in
2689 5035 2787 5074 una
2817 5034 2965 5091 parte
2990 5027 3443 5093 superhumeralis
3466 5040 3667 5089 urunt.

2136 5108 2188 5160 in
2215 5109 2377 5160 altera
2436 5108 2768 5177 hyacinthus,
2813 5111 2864 5166 in
2894 5114 2994 5166 alia
3022 5130 3231 5168 rursum
3270 5114 3361 5167 alii
3407 5124 3566 5183 atque
3586 5112 3669 5167 alii

2136 5197 2342 5251 colores
2365 5199 2593 5264 fuerunt,
2633 5201 2725 5254 sed
2757 5216 2943 5256 omnes
2981 5204 3399 5274 coloresutique
3441 5218 3536 5272 per
3563 5219 3671 5258 on-

2134 5290 2216 5339 nia
2248 5303 2367 5341 cum
2400 5303 2528 5342 auro
2566 5290 2680 5356 ipso
2711 5289 2857 5344 fuere
2884 5292 3158 5357 contexti;
3196 5293 3319 5361 quia
3347 5292 3597 5349 nimirum
3620 5294 3669 5347 in

2132 5379 2341 5432 actione
2368 5380 2679 5434 sacerdotali
2726 5396 2992 5449 nunquam
3031 5382 3202 5450 aliqua
3232 5398 3547 5453 magnarum
3573 5385 3671 5439 vir-

2134 5478 2328 5533 tutum,
2366 5471 2443 5523 vel
2485 5470 2548 5523 ad
2584 5472 2769 5523 horam
2806 5471 2963 5525 debet
3007 5472 3306 5542 intermitti,
3335 5476 3431 5533 sed
3467 5490 3671 5546 semper

2133 5575 2263 5613 auro
2304 5560 2577 5627 sapientia!
2619 5560 2850 5626 lucidus,
2898 5578 3109 5634 semper
3146 5568 3435 5638 hyacintho
3460 5567 3578 5635 spei
3618 5560 3703 5622 ἤι’

2132 5665 2359 5720 superna
2386 5661 2613 5714 erectus,
2640 5640 2853 5721 semper
2882 5656 3029 5727 regni
3059 5660 3297 5716 calcatis
3326 5659 3669 5728 partiumad-

2131 5757 2313 5797 versus
2358 5740 2605 5796 vitiorum
2658 5744 2788 5797 bella
2831 5751 3486 5818 ntagnanimua.‘setltper
3514 5761 3671 5807 causa

2131 5831 2209 5886 bis
2239 5830 2400 5885 tinctu
2429 5833 2651 5899 gemina:
2680 5834 2977 5895 dilectionis
3019 5838 3320 5907 flammeus.
3357 5851 3565 5909 sulpur
3588 5851 3671 5894 ιιι

3764 5430 3828 6124 Α
