3898 6260
190 414 290 467 ιδο

993 408 1077 463 DE
1117 403 1498 461 TABEItNAC’.
1526 402 1609 455 Lo
1651 399 1732 453 ET
1775 397 1963 450 vas:s
2003 384 2187 449 ‘tctt's.
2232 422 2293 430 —
2335 391 2459 445 Lill.
2503 389 2584 443 ttt.

3269 389 3366 439 ΠΟ

193 535 324 578 torta
365 522 521 593 bysso
562 519 824 588 castigatae
855 518 1027 571 carnis
1057 516 1304 571 sacerdos
1334 514 1441 566 sive
1463 512 1646 565 doetor
1672 509 1726 560 li-
1759 515 1803 568 Α
1833 507 1954 558 ralis
1975 504 2201 567 annecti,
2223 511 2474 570 quatenus
2505 509 2722 566 utraque
2761 497 2858 569 sibi
2889 506 3066 548 mutuo
3096 496 3240 548 firma
3271 513 3366 562 po.

189 611 384 665 delium
412 610 570 662 debet
597 622 714 661 esse
744 606 953 659 nitidus.

263 701 540 768 Sumerquc
578 697 769 764 lapides
798 696 922 747 duos
949 694 1249 762 auge/tinos,
1291 700 1335 740 et
1371 698 1584 752 sculpas,
1626 694 1727 739 etc.

186 792 319 845 Tres
343 791 412 843 ob
441 801 629 842 causas
675 789 848 840 Aaron
895 783 1107 838 nomina
1143 780 1553 848 patriarcharum
1602 776 1735 826 inter

187 883 444 936 sacriticia
499 892 708 941 semper
755 877 805 931 in
857 876 1111 934 humeris,
1155 872 1290 924 sicut
1340 879 1393 922 et
1441 869 1492 919 in
1526 876 1736 931 peetore

189 972 471 1040 portabat;
502 968 750 1022 videlicet
790 974 846 1019 ut
875 966 985 1031 ipsc
1020 963 1174 1016 fidem
1217 959 1482 1025 vitamque
1519 956 1735 1022 patriar-

186 1063 408 1114 charum
455 1059 781 1113 meminisset
808 1053 1020 1116 imitari,
1067 1061 1122 1103 ut
1160 1048 1434 1104 duodecim
1480 1046 1732 1105 tribuum,

187 1166 310 1219 qua:
348 1152 411 1203 de
439 1149 518 1200 his
545 1155 678 1200 natte
703 1126 844 1210 sunt,
877 1142 1198 1195 orationibus
1228 1150 1278 1191 et
1318 1133 1588 1189 sacriﬁciis
1627 1147 1736 1184 me-

190 1255 308 1295 mor
347 1241 629 1298 existeret;
693 1245 750 1288 ut
795 1235 931 1288 idem
977 1233 1198 1302 populus
1246 1229 1444 1295 scripta
1490 1224 1541 1278 in
1593 1231 1738 1276 veste

190 1328 432 1395 prmsulis
461 1328 540 1381 sui
571 1335 776 1395 patrum
803 1324 1011 1375 nomina
1050 1321 1250 1382 videns,
1286 1323 1500 1369 curaret
1530 1309 1735 1371 sedulo,

191 1435 260 1473 ne
289 1419 355 1472 ab
385 1417 589 1470 illorum
624 1413 826 1469 meritis
864 1411 1167 1465 desciscens
1190 1448 1207 1473 ,
1248 1405 1312 1460 ad
1341 1416 1584 1458 errorum
1614 1413 1739 1450 con-

191 1511 331 1578 tagia
359 1499 766 1564 declinaret.’Ad
792 1504 891 1558 hoc
912 1504 1052 1556 enim
1082 1501 1220 1553 valet
1241 1496 1376 1566 quod
1400 1494 1598 1547 dictum
1625 1500 1700 1542 est
1724 1504 1733 1537 :

191 1599 262 1652 Et
291 1611 452 1664 pones
482 1597 533 1650 in
569 1605 789 1664 utroque
829 1594 993 1647 latere
1031 1584 1486 1657 superbumeralis
1534 1591 1738 1632 memo-

189 1688 324 1743 riale
355 1686 476 1740 filiis
518 1685 702 1740 Israel.
733 1685 881 1737 Nunc
904 1695 1113 1752 quoque
1139 1675 1378 1746 pontifex
1407 1675 1456 1726 in
1480 1667 1738 1737 superbu-

197 1777 385 1833 nierali
440 1778 651 1830 nomina
691 1784 836 1844 gesta
885 1770 1333 1841 patriarcharum,
1382 1777 1501 1816 cum
1556 1760 1742 1812 doctor

1834 593 2378 648 sitiooerohrrerent.
2403 589 2657 656 Scriptum
2691 600 2909 653 namque
2945 594 3026 638 est
3054 589 3280 652 apertius
3314 589 3361 639 in

1837 686 2209 754 posterioribus
2238 701 2244 708 ·
2277 681 2532 734 Fecerunt
2559 679 2608 729 in
2640 675 2874 729 rationali
2902 685 2954 727 ct
2977 677 3243 729 catenulas
3268 676 3372 732 sibi

1840 780 2064 830 invicem
2099 773 2426 827 cohazrcntes
2454 770 2519 823 de
2552 783 2678 821 auro
2707 765 2980 835 purissimo
3004 807 3018 828 ,
3049 776 3098 818 et
3121 767 3249 818 duos
3280 783 3372 818 un-

1836 865 2021 924 cinos,
2069 862 2391 927 totidemque
2442 857 2667 909 annulos
2713 870 2924 907 aureos.
2961 854 3121 906 Porro
3150 855 3372 906 annulus

1840 960 2128 1022 posuerunt
2185 950 2234 1002 in
2289 959 2510 1013 utroque
2543 948 2704 998 latere
2752 944 3058 1001 rationalis.
3105 961 3134 997 e
3174 944 3367 1010 quibus

1841 1043 2124 1112 penderent
2176 1041 2290 1093 dua:
2343 1047 2540 1092 catenae
2588 1050 2800 1098 autem,
2851 1049 2980 1104 quas
3037 1036 3368 1088 inseruerunt

1842 1133 2041 1186 uncinis
2065 1172 2078 1195 ,
2134 1130 2222 1197 qui
2254 1130 2306 1181 in
2334 1125 2785 1193 anperhumcralis
2817 1125 3020 1191 angulis
3052 1123 3371 1176 eminebam.

1842 1223 1915 1276 De
1949 1236 2166 1289 quorum
2214 1219 2374 1288 figura
2418 1216 2605 1293 melius
2657 1218 2704 1267 in
2740 1215 3005 1268 rationalis
3052 1214 3376 1280 expositione

1844 1314 2162 1366 mactabizur.
2501 1295 2503 1297 l

2443 1417 2661 1472 CAPUT
2727 1416 2783 1469 ν.

2427 1507 2499 1560 De
2544 1506 2793 1563 rationali.

1916 1602 2182 1656 Rationale
2209 1615 2396 1669 quoque
2418 1600 2601 1668 judicii
2628 1600 2782 1667 [acies
2811 1615 2957 1666 opere
2986 1599 3248 1668 polymita,
3275 1609 3378 1652 etc.

1843 1696 2013 1763 Opere
2041 1693 2289 1762 polymita
2313 1731 2327 1755 ,
2360 1705 2518 1757 opere
2542 1685 2825 1743 multifario
2855 1689 2997 1742 dicit.
3028 1690 3175 1742 Sicut
3203 1697 3375 1743 autem

1851 1787 1898 1837 in
1923 1783 2340 1850 superhurucrali
2365 1795 2585 1848 operum
2611 1780 2896 1848 perfectio,
2931 1780 2999 1832 ita
3041 1780 3092 1831 in
3139 1780 3381 1832 rationali

187 1872 416 1941 quisque
443 1871 552 1923 sive
580 1867 768 1935 praesul
795 1865 1056 1929 ecclesiae,
1089 1862 1140 1915 in
1167 1859 1414 1914 omnibus.
1437 1868 1556 1923 qua:
1600 1850 1728 1920 agit,

1863 1873 2014 1928 udicii
2041 1915 2054 1939 ,
2086 1887 2189 1941 quo
2233 1880 2412 1940 pectus
2440 1870 2729 1925 sacerdozis
2766 1870 3038 1938 tegebatur
3061 1911 3076 1934 ,
3130 1870 3282 1922 simul
3327 1878 3382 1923 ct

189 1970 401 2029 patrum
423 1956 826 2026 praecedentium
868 1955 1000 2006 facta
1025 1950 1350 2009 considerat,
1372 1956 1529 2013 atque
1560 1943 1623 1995 ad
1647 1955 1739 1994 eo-

191 2066 312 2103 runt
341 2049 685 2103 imitationem
715 2045 874 2096 vitam
903 2041 1151 2110 dirigere,
1181 2046 1233 2090 et.
1259 2048 1392 2088 onus
1425 2030 1736 2100 evangelicae

192 2137 531 2208 perfectionis
561 2135 697 2189 ferre
735 2135 943 2201 satagit.
968 2131 1095 2198 Quae
1117 2127 1364 2182 videlicet
1403 2123 1612 2177 nomina
1643 2133 1738 2187 pa-

195 2238 336 2282 trum
376 2235 495 2297 apte
525 2225 575 2279 in
623 2222 882 2292 lapidibus
923 2218 1168 2289 pretiosis
1205 2215 1373 2284 sculpi
1407 2213 1554 2282 jussa
1585 2217 1738 2272 sunt;

193 2317 399 2385 lapides
427 2317 618 2386 quippe
650 2312 885 2382 pretiosi,
934 2323 1095 2379 Opera
1126 2316 1251 2360 sunt
1281 2305 1537 2357 virtutum
1579 2299 1742 2368 spiri-

195 2408 446 2462 tualium.
479 2405 749 2472 llabetque
779 2398 1030 2454 sacerdos
1057 2396 1110 2452 in
1144 2392 1375 2448 humeris
1398 2388 1596 2457 lapides
1626 2400 1745 2455 pre-

194 2499 386 2561 tiosos,
417 2505 472 2550 et
522 2495 574 2550 in
602 2496 680 2548 eis
713 2494 922 2546 nomina
969 2498 1173 2558 patrum
1225 2483 1497 2549 inscripta,
1551 2485 1745 2532 cumct

196 2589 318 2656 ipse
361 2586 596 2662 claritate
625 2585 883 2637 bonorum
922 2594 1140 2646 operum
1173 2576 1379 2630 cunctis
1405 2567 1747 2625 admirandus

195 2661 481 2742 exstiterit,
533 2685 586 2729 et
628 2675 868 2729 eamdem
913 2672 1202 2726 claritatem
1246 2682 1349 2720 non
1380 2680 1409 2716 a
1438 2679 1496 2717 se
1536 2661 1739 2714 noviter

197 2767 495 2829 inventam,
536 2765 628 2819 sed
648 2764 862 2830 antiqua
894 2761 995 2816 sibi
1037 2769 1241 2828 patrum
1283 2754 1596 2808 auctoritate
1643 2760 1749 2802 tra-

199 2856 364 2911 ditam
405 2870 522 2908 esse
549 2853 808 2907 docuerit.
858 2850 1055 2918 Duplici
1101 2859 1274 2902 autem
1321 2844 1522 2898 ratione
1553 2843 1665 2895 haec
1697 2840 1748 2892 in

201 2947 438 3001 humeris
473 2954 675 3013 portat,
708 2953 837 2997 utet
863 2943 974 3010 ipse
1006 2938 1286 3009 praeceptis
1318 2931 1605 2989 Dominicis
1653 2931 1749 2982 hu-

204 3036 406 3092 militer
433 3035 673 3090 subditus
705 3033 911 3087 incedat
936 3072 949 3092 ,
980 3039 1032 3084 ct
1061 3029 1385 3081 auditOribus
1415 3024 1521 3077 suis
1545 3035 1751 3088 semper

204 3126 438 3182 cmlestia
463 3166 478 3191 ,
511 3126 620 3178 sive
647 3139 738 3177 sua
769 3164 782 3185 ,
812 3124 921 3175 sive
954 3128 1154 3188 patrum
1191 3115 1426 3182 exempla
1459 3153 1473 3176 ,
1520 3127 1634 3179 qua:
1665 3125 1745 3164 sc-

205 3227 471 3288 quantur,
507 3225 796 3283 prreponat.
847 3219 980 3280 Apte
1024 3211 1180 3263 etiam
1236 3206 1391 3259 iidem
1421 3202 1622 3271 lapides
1677 3205 1756 3252 in-

207 3309 352 3364 cludi
381 3322 512 3361 auro
542 3317 698 3375 atque
725 3303 1040 3358 circumdari
1063 3299 1331 3368 jubentur.
1365 3298 1507 3350 Auro
1534 3305 1759 3360 namque

212 3400 296 3454 vel
327 3398 620 3451 intellectus
643 3435 658 3460 ,
709 3405 762 3448 ut
793 3407 949 3460 supra
973 3391 1174 3444 dictum
1204 3397 1284 3442 est
1311 3428 1325 3450 ,
1359 3386 1442 3439 vel
1472 3393 1616 3438 certe
1639 3381 1761 3435 cha-

213 3489 344 3540 ritas
370 3486 669 3538 insinuatur
691 3520 708 3549 ,
740 3483 861 3552 quia
893 3485 1031 3536 sicut
1061 3491 1244 3532 aurum
1272 3475 1518 3538 metallis,
1544 3474 1612 3525 ita
1638 3472 1763 3525 cha-

210 3581 340 3633 ritas
385 3576 664 3629 virtutibus
724 3581 939 3642 praestat
987 3569 1212 3625 cancris.
1253 3566 1590 3622 lncluduntur
1637 3578 1760 3616 vero

211 3683 344 3720 auro
389 3666 588 3733 lapides
614 3705 629 3729 ,
684 3675 737 3717 et
763 3661 1158 3716 circumdantur
1186 3658 1439 3726 pretiosi,
1488 3670 1605 3708 cum
1637 3667 1760 3716 ope-

215 3754 351 3807 ratio
380 3754 632 3806 virtutum
662 3752 793 3803 adeo
835 3763 967 3816 puro
999 3747 1225 3813 undique
1253 3757 1460 3797 versum
1494 3740 1759 3792 intellectu

214 3843 640 3911 circumspicitur
668 3883 682 3905 ,
748 3850 804 3893 ut
850 3839 921 3892 nil
970 3840 1020 3892 in
1051 3838 1127 3890 eis
1175 3834 1418 3888 vitiosum
1464 3833 1659 3894 latere,
1694 3829 1764 3881 nil

218 3946 495 3989 remanere
542 3931 810 3986 sordidum
840 3928 1208 3995 permittatur;
1239 3938 1358 3978 cum
1396 3923 1522 3990 ipsa:
1549 3921 1766 3974 virtutes

219 4028 290 4078 ita
337 4024 545 4076 vinculo
573 4020 845 4076 cbaritatis
875 4020 1250 4083 continentur,
1301 4024 1358 4068 ut
1407 4016 1546 4068 nulla
1590 4025 1761 4066 rerum

220 4112 567 4165 mutabilitate
595 4125 626 4163 a
656 4125 751 4163 suo
797 4118 935 4162 statu
962 4107 1204 4162 decidere
1227 4146 1242 4172 ,
1272 4118 1534 4172 nunquam
1579 4103 1646 4156 de
1676 4102 1765 4153 ha-

225 4203 334 4256 bitu
383 4201 676 4254 sacerdotis
732 4208 973 4267 torpente
1027 4197 1221 4251 mentis
1266 4192 1506 4250 custodia
1560 4191 1767 4245 valeant
1802 4245 1814 4254 ,

220 4291 454 4361 ιιι-αιῑιιιιί.
499 4289 640 4343 Bene
666 4298 837 4341 autem
868 4288 1135 4354 sequitur:

292 4381 625 4450 Portabitque
649 4381 823 4431 Aaron
854 4378 1056 4430 nomina
1086 4392 1255 4430 eorum
1290 4391 1458 4427 coram
1506 4372 1722 4424 Domino
1749 4411 1763 4434 ,

222 4487 328 4531 etc.
387 4473 642 4529 Sacerdos
689 4485 910 4536 namque
960 4468 1028 4522 ob
1076 4467 1488 4520 recordationem
1558 4464 1767 4517 nomina

229 4576 431 4633 patrum
460 4576 616 4629 super
645 4569 921 4627 utrumque
951 4564 1120 4624 portat
1151 4557 1424 4608 humerum
1453 4597 1467 4622 ,
1519 4569 1638 4608 cum
1666 4554 1746 4606 di-

229 4658 450 4725 ligenter
485 4654 628 4707 omni
662 4653 786 4705 hora
818 4646 1222 4719 praecedentium
1277 4653 1577 4698 sanctorum
1608 4646 1767 4696 vitam

227 4744 575 4813 perpendens,
601 4750 654 4795 et
675 4743 724 4794 in
747 4742 980 4793 adversis
1003 4747 1052 4792 et
1075 4735 1338 4805 prosperis
1358 4735 1607 4787 virtutum
1637 4748 1774 4786 sem-

230 4853 323 4908 per
341 4843 649 4891 ornamento
675 4831 931 4892 munitur;
957 4840 1210 4895 quatenus
1229 4827 1372 4894 juxta
1392 4840 1570 4877 vocem
1592 4823 1734 4875 Pauli
1759 4841 1770 4873 :

234 4929 336 4983 Pir
353 4945 496 4980 arma
510 4924 722 4996 justitiw
748 4939 777 4974 α
811 4921 996 4973 dextris
1017 4919 1329 4985 sinistrisque
1367 4916 1600 4984 gradiens
1618 4955 1630 4976 ,
1665 4928 1779 4963 cum

231 5024 297 5075 ad
321 5022 430 5077 sola
457 5035 567 5087 qua
587 5016 838 5071 anteriora
866 5021 979 5065 sunt
1011 5009 1206 5070 nititur,
1247 5007 1298 5058 in
1331 5006 1472 5058 nult'o
1502 5003 1779 5056 dilectionis

234 5114 420 5178 infima
449 5114 602 5164 latere
621 5111 855 5175 ﬂectatur
880 5100 965 5170 (II
998 5100 1110 5152 Cor.
1145 5099 1220 5163 vr)

306 5200 485 5254 Facies
506 5209 550 5253 et
579 5201 786 5251 uncinos
803 5211 863 5248 ex
880 5207 1024 5253 auro,
1049 5199 1148 5243 etc.
1171 5186 1396 5240 Uncinos
1411 5196 1544 5251 quos
1566 5181 1712 5246 dicit,
1733 5183 1781 5235 in

237 5295 498 5362 Supremis
523 5301 673 5346 erant
713 5291 916 5360 angulis
954 5281 1399 5355 superhumeralis
1447 5277 1590 5330 fabre
1614 5276 1780 5329 aftixi.

239 5383 502 5440 Catenulac
522 5389 714 5444 autem,
734 5395 860 5448 quas
884 5379 1171 5448 subiungit,
1197 5389 1299 5427 non
1325 5372 1372 5424 in
1395 5369 1507 5438 ipso
1530 5365 1781 5432 superbu-

241 5472 443 5532 merali,
466 5469 556 5523 sed
577 5469 750 5537 potius
774 5471 821 5520 in
847 5467 1106 5527 rationali,
1126 5467 1220 5518 hoc
1241 5471 1339 5522 ρει,
1358 5461 1409 5512 in
1435 5454 1790 5522 sUperioribus

241 5562 356 5629 eius
381 5558 585 5629 angulis
605 5598 619 5619 ,
650 5574 739 5624 per
764 5560 982 5610 annulos
1010 5571 1196 5610 anreos
1229 5555 1468 5607 videntur
1499 5549 1657 5601 fuisse
1688 5560 1785 5598 au-

248 5660 415 5713 ne‘xze,
443 5658 499 5702 ut
525 5662 642 5701 cum
674 5646 976 5699 indueretur
1007 5644 1258 5711 pontifex,
1299 5638 1550 5693 catentihe
1582 5650 1696 5703 qum
1727 5637 1793 5686 de

249 5741 484 5799 rationali
505 5738 813 5812 pendebant,
839 5726 1051 5803 possent
1075 5751 1189 5789 cum
1222 5734 1424 5788 uncinis
1459 5728 1788 5800 smcrhuine-

1785 3169 1832 3234 ο

1839 1963 2127 2016 ornabatur
2149 2002 2164 2026 ,
2215 1961 2392 2015 cordis
2421 1969 2472 2015 et
2495 1960 2864 2030 cogitationem
2904 1959 3020 2026 ejus
3045 1961 3260 2012 castitas
3288 1975 3376 2011 ex-

1841 2053 2102 2119 primitur.
2143 2051 2201 2103 Et
2252 2053 2385 2106 bene
2435 2059 2555 2118 post
2599 2049 3071 2116 superliumerale,
3126 2048 3381 2100 rationale

1837 2143 2024 2211 judicii
2053 2142 2285 2209 sequitur
2309 2157 2324 2204 ;
2357 2149 2413 2193 ut
2434 2155 2550 2193 cum
2579 2150 2698 2193 ante
2725 2139 2962 2193 homines
2990 2138 3105 2207 quis
3134 2139 3384 2191 innocens

1844 2235 2085 2287 manibus
2114 2233 2432 2300 apparuerit,
2465 2231 2625 2284 multo
2653 2229 2816 2298 magis
2849 2229 2898 2280 in
2926 2239 3212 2295 conspectu
3243 2242 3383 2280 sutri-

1845 2325 1916 2378 mi
1943 2326 2135 2392 judicis
2167 2325 2389 2379 mundo~‘
2420 2325 2579 2378 Corde
2607 2327 2854 2378 assiiterc
2895 2323 3213 2386 contendat,
3244 2320 3387 2376 omni

1847 2417 2278 2478 agensfindustria
2305 2425 2359 2469 ut
2383 2416 2630 2483 quidquid
2667 2415 2795 2469 foris
2817 2429 2938 2482 erga
2973 2414 3236 2480 proximos
3260 2415 3384 2480 agit,

1850 2512 1942 2556 aut
1983 2503 2182 2571 judicat
2205 2542 2221 2565 ,
2271 2511 2434 2555 totum
2466 2519 2528 2556 ex
2561 2503 2736 2568 regula
2769 2502 2985 2554 interna:
3028 2500 3240 2555 rationis
3269 2515 3390 2567 pro-

1855 2593 2034 2646 batmn
2064 2633 2078 2655 ,
2110 2607 2169 2644 ac
2199 2606 2296 2644 suo
2322 2591 2590 2644 Conditori
2625 2585 2882 2657 placidum
2915 2588 3126 2656 fulgeat.
3159 2589 3282 2642 Item
3312 2604 3387 2641 ra-

1857 2683 2050 2736 tionale
2087 2681 2268 2750 juiticii
2300 2680 2542 2734 sacerdos
2576 2681 2624 2732 iu
2651 2689 2858 2747 pectore
2889 2680 3026 2732 lerre
3058 2679 3355 2746 prmcipitur
3375 2719 3390 2738 ,

1861 2776 1985 2838 quia
2016 2773 2174 2826 debet
2205 2781 2375 2824 rector
2403 2769 2579 2823 subtili
2620 2784 2826 2834 semper
2854 2770 3093 2823 examine
3120 2769 3254 2822 bona
3287 2782 3392 2818 ma-

1859 2862 2011 2927 laque
2057 2861 2360 2914 discernere
2389 2899 2402 2921 ,
2449 2867 2503 2912 ct
2539 2872 2655 2925 qum
2682 2858 2760 2910 vel
2808 2857 2994 2922 quibus
3022 2900 3034 2919 ,
3066 2856 3276 2922 quando
3318 2857 3395 2908 vel

1859 2949 2084 3014 qualiter
2129 2954 2457 3014 congruant,
2500 2944 2733 2997 studiose
2762 2943 3010 3012 cogitare.
3066 2942 3261 3008 Duplex
3306 2958 3395 2994 au-

1861 3045 1962 3088 tem
1988 3035 2178 3088 factum
2221 3044 2302 3088 est
2334 3033 2585 3086 rationale
2615 3073 2628 3096 ,
2684 3041 2738 3082 ut
2769 3031 2969 3087 facilius
3016 3031 3240 3098 lapidum
3273 3045 3396 3098 pun-

1862 3125 1960 3178 dos
2007 3125 2310 3178 sustineret.
2342 3121 2442 3176 Sed
2503 3123 2613 3175 haec
2639 3121 2921 3190 duplicatio
2952 3121 3108 3174 vestis
3142 3121 3190 3172 in
3219 3120 3395 3186 legalis

1863 3225 2076 3284 pectore
2109 3214 2404 3270 sacerdotis
2437 3213 2591 3281 typici
2636 3227 2732 3266 nos
2779 3212 3024 3266 admonet
3068 3220 3124 3265 ut
3148 3215 3400 3264 rationem

1862 3311 2025 3359 nostri
2052 3305 2308 3358 examinis
2338 3316 2391 3358 et
2423 3303 2699 3357 invisibilis
2728 3302 2866 3370 inuis
2893 3301 3088 3356 arbiter
3116 3301 3319 3368 probet,
3350 3309 3400 3353 et

1863 3408 2131 3460 nunquam
2200 3395 2422 3446 humana
2489 3391 2616 3444 foris
2668 3391 2985 3443 existimatio
3046 3389 3232 3442 merito
3276 3399 3401 3440 con'.

1863 3491 2076 3536 temnet.
2124 3481 2226 3535 Seu
2255 3490 2398 3533 certe
2427 3479 2620 3544 duplex
2647 3465 2697 3532 in
2729 3489 2947 3545 pectore
2992 3475 3211 3530 ferimus
3243 3478 3397 3529 ratio-

1863 3571 1979 3621 nale
2003 3567 2181 3635 iudicii
2205 3606 2219 3630 ,
2251 3567 2459 3635 quando
2497 3577 2546 3620 et
2576 3581 2634 3634 ea
2665 3581 2778 3633 qua!
2809 3567 2873 3620 de
2910 3566 3011 3620 fide
3040 3567 3269 3619 veritatis
3293 3606 3306 3625 ,
3337 3583 3396 3619 ac

1864 3659 1964 3708 vita
1999 3656 2243 3709 invisibili
2288 3655 2549 3722 l0quimur
2575 3653 2983 3724 aut'cogitamus
3008 3696 3023 3721 ,
3057 3658 3260 3710 ratione
3301 3659 3400 3709 lixa

1867 3746 2202 3808 subsistunt;
2259 3754 2312 3798 et
2357 3759 2416 3798 ea
2447 3760 2656 3814 quoque
2698 3759 2813 3811 qua:
2853 3744 3122 3798 visibililcr
3165 3745 3405 3811 agimus,

1867 3846 1954 3888 aut
1984 3835 2179 3902 agenda
2208 3833 2568 3902 disponimus,
2617 3849 2764 3904 atque
2790 3833 2985 3902 judicio
3012 3835 3167 3901 jusur
3200 3836 3406 3887 discre-

1869 3925 2029 3978 tionis
2075 3925 2368 3992 probantur
2397 3939 2517 3978 csse
2562 3925 2766 3978 librata.
2801 3925 2946 3990 Quod
2975 3933 3149 3976 autem
3200 3939 3407 3976 tncnsu.

1868 4029 1979 4067 ram
2012 4012 2166 4080 palmi
2213 4014 2432 4067 habebat
2464 4027 2554 4080 per
2583 4012 2859 4080 quadrum,
2885 4023 3127 4064 conatum
3160 4010 3397 4063 indefati-

1868 4102 2092 4171 gabilem
2126 4117 2190 4155 ac
2223 4113 2529 4170 perpetuum
2563 4103 2658 4168 piat
2689 4101 2989 4152 intentionis
3016 4099 3262 4151 ostendit.
3307 4100 3404 4163 Qui

1871 4193 2010 4246 enim
2043 4194 2216 4260 palmo
2240 4192 2432 4262 aliquid
2456 4192 2686 4253 metitur,
2711 4203 2913 4242 summo
2938 4187 3113 4255 utique
3135 4189 3407 4240 conamine

1870 4283 2128 4350 dispansis
2169 4281 2344 4349 digitis
2392 4295 2598 4334 manum
2625 4279 2873 4342 ostendit,
2907 4289 2961 4330 ut
3005 4277 3168 4345 possit
3199 4293 3408 4330 mensu-

1876 4389 1985 4428 ram
2016 4387 2171 4442 quam
2200 4373 2391 4441 qua-rit
2421 4373 2572 4440 plene
2599 4416 2613 4437 ,
2662 4381 2715 4424 et
2742 4372 2936 4439 absque
2966 4370 3208 4438 scrupulo
3232 4370 3410 4422 dubie-

1879 4465 1995 4517 tatis
2024 4472 2222 4517 tenere.
2249 4460 2396 4517 Unde
2423 4462 2607 4516 merito
2635 4463 2769 4515 sicut
2803 4477 2893 4528 per
2917 4475 3124 4512 manum
3148 4460 3402 4524 Operatio,

1879 4555 1946 4607 ita
1981 4568 2071 4621 per
2101 4553 2328 4619 palmum
2349 4553 2568 4618 exprimi
2598 4568 2659 4604 ur
2683 4552 2790 4619 ipsa
2822 4547 3118 4603 inflexibilis
3141 4548 3405 4598 contentio

1874 4647 2026 4701 boum
2072 4645 2388 4711 operationis
2414 4680 2426 4704 ,
2459 4643 2578 4694 dum
2627 4657 2771 4693 suam
2801 4641 3020 4707 quisque
3050 4639 3320 4692 dexteram
3352 4639 3402 4687 in

1877 4742 2123 4793 universa
2150 4751 2263 4804 quze
2287 4736 2422 4787 valet
2450 4733 2670 4799 insignia
2693 4734 2939 4784 virtutum
2965 4731 3183 4783 dilatare
3203 4729 3406 4792 sata,.~.it.

1882 4830 1946 4880 Et
1999 4830 2130 4879 bene
2185 4826 2319 4876 idem
2361 4819 2614 4875 rationale
2649 4828 2749 4872 tam
2796 4818 2847 4871 in
2897 4817 3215 4886 longitudine
3256 4829 3412 4882 quam

1880 4921 1929 4972 in
1963 4914 2234 4970 latitudine
2280 4924 2581 4964 mensuram
2629 4909 2784 4974 palmi
2834 4908 3026 4961 habere
3075 4905 3408 4972 pratcipimr;

1881 5008 1996 5076 quia
2040 5005 2148 5056 sive
2192 5007 2242 5053 in
2277 4998 2645 5068 longitudinem
2695 4996 2812 5048 vitm
2858 5005 3066 5048 arti-rum
3095 4995 3161 5046 de
3194 4993 3410 5044 idi-rium

1887 5095 2074 5148 mentis
2103 5093 2298 5159 erigat,
2333 5106 2423 5142 seu
2451 5089 2502 5142 iu
2535 5087 2856 5141 latitudinem
2889 5083 3156 5136 charitatis
3180 5095 3298 5146 erga
3329 5093 3421 5129 eu-

1885 5199 1993 5235 ram
2020 5182 2243 5251 proximi
2268 5194 2419 5233 suum
2448 5177 2658 5231 inclinet
2686 5175 2944 5235 allectum,
2980 5183 3188 5223 necesse
3217 5178 3295 5219 est
3327 5181 3417 5232 pcr

1888 5273 2070 5326 omnia
2103 5286 2197 5324 cor
2223 5269 2547 5322 sacerdotale
2577 5278 2894 5332 nequaquam
2928 5265 3159 5325 segnem
3187 5253 3417 5306 desidio-

1886 5376 1998 5415 Sum
2045 5376 2257 5414 manere
2278 5401 2293 5424 ,
2316 5359 2406 5412 sed
2451 5357 2650 5410 ardenti
2682 5366 2885 5418 semper
2914 5347 3082 5400 studio
3109 5343 3316 5396 extendi
3349 5343 3414 5392 ad

1887 5447 2437 5512 comprehendendum
2473 5443 2702 5497 bravinm
2734 5450 2967 5506 superine
3009 5429 3288 5485 vocationis
3329 5426 3418 5477 Dt'i

1893 5541 1942 5591 in
1974 5537 2180 5590 Christo
2206 5536 2351 5590 Jesu.

1963 5625 2225 5692 Parnesque
2255 5626 2304 5676 in
2327 5640 2383 5676 eo
2413 5631 2625 5690 quatuor
2655 5619 2849 5670 ordines
2881 5612 3138 5682 lapidum,
3168 5613 3268 5658 etc.
3306 5602 3420 5660 limi;

1893 5730 2211 5788 gemmarum
2242 5713 2427 5781 positio
2457 5711 2778 5765 diversarum
2805 5707 2856 5759 in
2889 5700 3146 5758 rationali.
3179 5694 3450 5760 umltipli-‘
