3898 6260
514 345 610 402 εἴ.

1004 348 1199 404 ΒΕΒᾹΞ
1242 352 1684 410 VENERABILIS
1721 355 2000 410 UPEllL'H

2135 354 2215 410 κε
2253 355 2312 410 ll.
2357 387 2422 397 —
2464 359 2842 417 εχεεετιωι
2882 364 3197 421 οεδωκλ.

3609 366 3712 423 ιτ)

515 475 626 512 cem
658 461 914 513 variarum
946 463 1196 515 virtutum
1224 479 1378 530 opera
1406 465 1576 518 ionem
1609 467 1882 536 designat,
1924 483 2038 534 qua:
2067 468 2111 520 Α
2144 469 2276 531 stu).
2307 465 2467 519 Recte
2495 469 2656 521 etiam
2683 471 2786 522 duo
2816 469 3012 536 lapides
3050 471 3295 539 onychini
3338 473 3390 525 in
3439 479 3706 541 superbu-

513 550 753 604 concordi
802 552 936 604 serie
981 553 1229 617 disposita
1271 556 1320 607 in
1367 558 1652 610 sacerdotis
1695 558 1852 609 debet
1890 560 2048 611 corde

512 652 718 706 semper
745 655 1020 706 apparere.
1045 643 1243 710 Singuli
1265 653 1440 696 autem
1474 645 1674 711 l-pides
1703 646 1922 714 singulis
1955 660 2046 713 pa-

511 739 644 783 trum
673 733 968 786 nominibus
997 733 1368 796 inscribuntur,
1401 736 1521 786 dum
1548 747 1846 789 sanctorum
1883 740 2044 790 vitam

512 830 680 874 rector
706 822 986 889 inspiciens
1006 862 1019 882 .
1048 823 1235 887 quibus
1266 825 1491 877 maxime
1519 825 1765 877 virtutum
1794 827 2044 892 operibus

511 913 821 972 ﬂoruerunt,
873 910 1050 963 sedula
1105 911 1438 978 inquisitione
1489 922 1786 978 scrutatur;
1829 924 1881 966 et
1932 915 2043 967 hinc

509 1010 691 1052 cuncta
720 1001 769 1052 in
798 999 989 1052 abditis
1017 1001 1095 1052 sui
1143 1005 1368 1067 pectoris
1416 1002 1717 1055 meditando
1766 1003 2035 1070 colligere,

509 1099 665 1155 atque
692 1090 957 1153 operando
1004 1088 1238 1154 proferre
1286 1092 1492 1156 satagit.
1534 1091 1710 1158 Neque
1757 1093 1895 1144 enim
1925 1092 2040 1143 sine

509 1179 635 1229 certi
662 1177 859 1229 ratione
885 1178 1218 1241 sacramenti,
1244 1182 1311 1230 ita
1343 1190 1564 1247 utraque
1585 1181 1749 1232 vestis
1777 1181 2040 1247 lapidibus

512 1267 746 1331 pretiosis
793 1267 1064 1331 redimita,
1111 1281 1171 1319 ac
1219 1280 1417 1334 patrum
1465 1269 1767 1323 nominibus
1797 1271 2037 1338 insignita

508 1366 612 1419 est;
646 1364 700 1407 ut
725 1355 830 1420 ipsa
860 1355 1067 1408 nomina
1100 1357 1149 1408 in
1179 1358 1589 1424 superhumerali
1650 1358 1862 1425 quidem
1908 1358 2039 1410 duo-

509 1449 604 1497 Inis
634 1444 889 1510 lapidibus
922 1447 1071 1496 unius
1103 1445 1443 1513 ejusdemque
1467 1448 1690 1512 generis,
1719 1448 1769 1500 in
1797 1448 2034 1501 rationali

508 1548 629 1586 vero
657 1533 927 1587 duodecim
967 1534 1264 1588 nominibus
1301 1535 1499 1590 diversi
1530 1537 1738 1606 generis
1785 1536 2033 1606 inscripta

504 1626 626 1676 sint.
651 1624 754 1678 Sed
779 1625 913 1693 quod
943 1637 1114 1690 patres
1139 1627 1186 1679 in
1217 1627 1472 1696 lapidibus
1500 1629 1744 1695 pretiosis
1773 1631 1924 1682 unius
1949 1639 2033 1682 at-

503 1727 605 1782 que
629 1713 947 1766 indissimiiis
967 1715 1175 1782 generis
1201 1716 1385 1784 sculpti
1408 1725 1550 1781 sunt,
1575 1717 1832 1785 signitlcat
1855 1728 2033 1786 aperte

503 1801 640 1870 quod
667 1816 762 1853 una
796 1799 924 1853 fides
956 1802 1006 1853 in
1039 1801 1220 1865 Deum,
1243 1805 1422 1856 eadem
1452 1803 1705 1868 charitas,
1742 1807 2032 1859 communis

501 1903 622 1956 spes
665 1891 781 1941 vita:
824 1891 1050 1944 celestis
1102 1893 1331 1945 omnium
1384 1895 1539 1946 corda
1593 1903 1794 1962 patrum
1847 1894 2029 1960 replet.

501 1978 650 2043 Qnod
684 1993 807 2032 vero
835 1980 1022 2036 diversi
1062 1983 1271 2048 generis
1317 1982 1572 2051 lapidibus
1613 1984 1768 2037 iidem
1801 1985 2032 2051 inscripti

499 2077 642 2127 sunt.
674 2068 940 2121 denuntiat
967 2069 1186 2136 lignrate
1221 2069 1343 2138 quia
1393 2071 1658 2139 multiplex
1699 2084 1780 2126 est
1811 2075 2033 2127 varietas

499 2162 553 2205 et
585 2155 748 2222 gratia
797 2156 1048 2208 bonorum
1077 2171 1291 2224 operum
1311 2198 1328 2223 ,
1359 2160 1546 2227 quibus
1576 2161 1791 2228 praefata
1820 2172 2029 2214 sani-to-

500 2257 614 2294 rum
660 2242 821 2306 lides,
869 2258 1026 2312 spes,
1072 2255 1125 2300 et
1163 2248 1387 2303 eharitas
1431 2254 1735 2304 contirmata
1789 2241 2026 2320 refulget.

499 2335 644 2399 Quod
671 2344 841 2387 autem
868 2335 916 2389 in
947 2336 1184 2391 rationali
1214 2348 1438 2408 quatuor
1467 2341 1680 2394 ordines
1711 2341 1940 2404 luerunt,
1973 2355 2026 2398 et

505 2423 685 2475 horum
709 2422 894 2492 singuli
922 2426 1111 2494 quique
1141 2437 1249 2480 tres
1268 2429 1494 2482 habuere
1523 2430 1740 2496 lapides,
1779 2431 1899 2499 quid
1930 2447 2024 2485 no-

500 2513 583 2566 bis
611 2514 906 2570 intiniarunt
940 2518 1137 2587 typiee,
1171 2519 1267 2574 nisi
1314 2529 1368 2573 ut
1396 2518 1448 2573 in
1488 2520 1764 2575 virtutibus
1804 2538 1922 2590 qua:
1951 2523 2032 2576 di-

497 2604 822 2672 stinguuntur
862 2607 912 2660 in
955 2619 1195 2676 quatuor,
1243 2610 1578 2678 principalem
1635 2611 1789 2664 (idem
1835 2621 2029 2666 sancire

496 2693 765 2748 Trinitatis
815 2709 918 2749 non
970 2698 1136 2752 (ictam
1189 2701 1497 2754 teneamus?
1536 2700 1767 2767 Quatuor
1807 2717 2028 2768 namque

495 2781 706 2837 ordines
727 2797 1049 2852 gemmarum
1079 2786 1233 2843 habet
1265 2789 1316 2844 in
1347 2799 1558 2857 pectore
1587 2791 2028 2860 sacerdos,quan-

495 2870 741 2928 doomne
776 2875 914 2942 quod
961 2877 1194 2946 cogitat,
1240 2881 1513 2946 prudentia
1559 2884 2024 2952 circumspectum,

495 2963 796 3019 fortitudine
823 2966 1050 3031 firmum,
1077 2968 1275 3037 iustitia
1305 2972 1554 3026 eximium
1577 3012 1592 3036 ,
1627 2975 1967 3038 temperantia
1995 2991 2025 3028 a

496 3055 644 3109 malis
672 3057 911 3110 omnibus
939 3056 1096 3112 fuerit
1141 3070 1417 3113 secretum.
1464 3061 1566 3116 Sed
1607 3063 1760 3118 iidem
1812 3066 2025 3119 ordines

495 3155 669 3200 ternas
692 3146 881 3201 habent
909 3163 1161 3216 gemmas,
1193 3163 1309 3203 cum
1340 3150 1520 3206 eadem
1556 3155 1851 3222 prudentia.
1884 3157 2026 3211 forti-

495 3233 638 3300 tudo,
662 3235 879 3300 iustitia,
912 3239 1251 3302 temperantia
1274 3279 1288 3303 ,
1331 3250 1526 3294 sancta
1556 3243 1826 3299 Trinitatis
1871 3247 2027 3300 fuerit

497 3322 596 3374 lide
639 3334 958 3377 consecrata.
989 3326 1116 3391 Quia
1165 3328 1300 3381 enim
1347 3329 1449 3382 vita
1496 3340 1670 3384 nostra
1701 3334 1749 3387 in
1785 3336 2024 3399 praesenti

495 3409 594 3465 nde
621 3423 671 3466 et
700 3415 1002 3480 operatione
1030 3426 1170 3470 recta
1218 3420 1484 3485 consistit,
1515 3433 1634 3491 apte
1662 3427 1940 3490 sacerdos,
1973 3437 2028 3480 nt

493 3503 789 3567 operatione
809 3505 876 3556 sit
902 3507 1213 3572 prmcipuus,
1241 3518 1463 3576 quatuor
1499 3526 1680 3565 versus
1703 3528 2025 3581 gemmarum

495 3590 544 3642 in
576 3600 783 3656 pectore
814 3591 1024 3659 baiulat.
1057 3595 1122 3648 Ut
1152 3611 1276 3650 vero
1298 3614 1413 3650 cum
1445 3602 1690 3666 operibus
1721 3602 1837 3656 lidei
1863 3605 2028 3657 since-

494 3679 646 3733 ritate
670 3681 738 3733 sit
764 3693 968 3747 castus,
1011 3692 1182 3736 ternas
1229 3685 1279 3738 in
1324 3688 1542 3756 singulis
1587 3692 1822 3747 versibus
1869 3693 2028 3748 habet

491 3783 742 3836 gemmas,
763 3780 1014 3836 quatenus
1039 3773 1276 3826 omnibus
1306 3789 1425 3828 sese
1445 3779 1786 3842 intuentibus,
1815 3791 1868 3834 et
1890 3799 2026 3836 vera:

494 3859 612 3912 ﬂdei
642 3860 1021 3915 confessionem
1047 3874 1097 3915 et
1126 3866 1366 3933 exempla
1396 3882 1603 3936 semper
1633 3868 1780 3921 bona:
1805 3872 2025 3924 actionis

493 3947 756 4012 ostendat,
783 3960 906 4002 utet
934 3953 1029 4017 ipsi
1054 3954 1344 4007 imitatione
1391 3967 1546 4009 recta:
1597 3958 1714 4011 lidei
1760 3969 1812 4012 et
1841 3975 2026 4027 opera-

495 4038 650 4091 tionis
695 4041 884 4092 summi
925 4041 1154 4094 membra
1202 4043 1492 4099 sacerdotis
1535 4060 1829 4101 mereantur
1865 4050 2022 4103 efllci.

496 4129 776 4182 l’ossutnus
805 4145 930 4183 sane
959 4132 1009 4182 in
1041 4131 1187 4185 vario
1213 4132 1400 4188 decore
1436 4134 1659 4202 lapidum
1680 4175 1695 4200 ,
1727 4155 1828 4192 non
1860 4141 2024 4194 solum

493 4219 784 4273 claritatem
818 4220 1146 4274 multifariam
1179 4223 1518 4280 sacerdotalis
1546 4236 1694 4280 actus
1733 4237 1786 4282 et
1825 4231 2026 4295 cogita-

495 4313 578 4356 tus
601 4345 614 4367 ,
647 4319 822 4356 verum
864 4308 1017 4358 etiam
1049 4306 1393 4373 spiritualium
1437 4313 1672 4380 accipere
1714 4313 2027 4368 charismata

2150 555 2330 608 merali
2396 557 2582 608 eodem
2635 557 2958 610 duodenario
3004 568 3154 612 erant
3214 569 3421 626 patrum
3479 579 3708 618 nomen

2144 644 2355 712 sculpti,
2381 655 2434 696 ut
2461 645 2749 700 doctrinam
2783 647 3040 714 fidemque
3079 651 3452 715 apostolorum
3486 655 3704 716 utrique

2146 733 2358 797 populo,
2384 731 2686 786 Judzorum
2718 735 2964 787 videlicet
2981 745 3033 787 et
3060 737 3290 801 gentium
3315 777 3328 799 ,
3361 739 3698 805 profuturam

2143 833 2260 872 esse
2284 809 2636 887 designarent.
2666 821 2820 874 Justa
2851 822 2987 888 quod
3013 824 3184 876 eidem
3207 825 3552 879 intellectuali
3583 828 3698 881 Ilie-

2143 907 2397 971 rusalem,
2431 909 2528 962 hoc
2557 919 2659 974 est,
2697 911 2942 964 Ecclesia)
2980 927 3122 976 suae,
3152 913 3401 966 Dominus
3442 931 3538 982 per
3571 935 3694 982 pro-

2143 993 2350 1059 phetam
2400 996 2672 1050 manifeste
2720 998 2998 1063 promisit,
3046 1000 3264 1052 dicens:
3299 1003 3379 1053 Ad
3427 1005 3694 1057 dextera-

2140 1083 2290 1143 enirn,
2319 1093 2366 1134 et
2391 1085 2456 1134 ad
2485 1085 2644 1137 lerant
2685 1087 2983 1154 pcnetrabis,
3031 1097 3078 1139 ct
3115 1103 3280 1140 semen
3331 1099 3474 1141 tum
3518 1106 3690 1159 genus

2139 1170 2446 1224 ltercditabit
2473 1171 2620 1235 (Eae.
2651 1175 2780 1240 Liv).
2807 1174 2955 1238 Quod
2985 1184 3156 1229 autem
3182 1190 3320 1245 onyx
3349 1178 3494 1230 rubri
3525 1181 3691 1234 fertur

2138 1270 2256 1308 es~e
2283 1259 2490 1323 coloris,
2526 1261 2781 1328 igniculos
2809 1261 3049 1316 videlicet
3075 1264 3275 1318 habens
3304 1266 3436 1318 albis
3465 1271 3686 1333 cinget»

2140 1345 2273 1397 tibus
2296 1346 2623 1415 zonisgquis
2653 1363 2754 1401 οοιι
2788 1351 2982 1415 videat,
3007 1353 3144 1417 quod
3173 1357 3253 1408 vel
3282 1356 3527 1410 ardorem
3558 1361 3689 1411 eba-

2137 1433 2322 1500 ritatis,
2356 1437 2439 1490 vel
2480 1437 2645 1492 lucem
2674 1439 2909 1510 designet
2942 1445 3176 1497 scientia:
3221 1447 3510 1501 comitante
3551 1465 3684 1502 coria

2135 1526 2424 1580 castitatis?
2448 1528 2755 1596 Cuiusmodi
2788 1532 3043 1598 lapidibus
3073 1534 3324 1602 inscripta
3355 1547 3560 1603 patrum
3593 1555 3685 1594 vo-

2134 1614 2316 1666 cabula
2344 1621 2786 1684 gestatsacerdos
2807 1660 2823 1685 ,
2851 1635 2969 1674 cum
2999 1625 3238 1690 exemplo
3271 1628 3680 1692 precedeotium

2130 1700 2388 1767 iustorum
2408 1744 2422 1769 ,
2445 1706 2686 1761 charitati
2711 1749 2724 1771 ,
2750 1709 3015 1775 castitati,
3044 1712 3321 1766 humi-litati
3344 1754 3360 1777 ,
3388 1715 3643 1772 doctrina:
3663 1757 3680 1779 .

2061 1781 2108 1841 Β
2133 1796 2439 1865 ceterisque
2465 1799 2713 1852 virtutum
2734 1802 2982 1868 operibus
2998 1803 3121 1870 iuge
3151 1805 3383 1858 studium
3406 1808 3678 1876 impendit.

2135 1884 2195 1936 Et
2225 1883 2321 1938 hoc
2347 1885 2397 1938 in
2429 1896 2650 1957 utroque
2681 1889 2932 1955 humero,
2965 1901 3021 1944 ut
3045 1893 3156 1945 sive
3195 1895 3261 1947 de
3290 1893 3489 1949 Jndzis
3528 1899 3674 1964 quis,

2129 1985 2220 2026 seu
2242 1973 2305 2027 de
2333 1977 2574 2042 gentibus
2599 1977 2765 2040 adsit,
2793 1979 3089 2032 claritatem
3129 1995 3344 2049 semper
3374 1985 3426 2035 in
3453 1983 3671 2039 doctore

2129 2061 2362 2117 veritatis
2388 2072 2438 2117 et
2465 2064 2695 2133 pietatis,
2737 2080 2830 2134 per
2868 2082 3021 2135 quam
3068 2069 3177 2136 ipse
3205 2070 3271 2122 ad
3295 2071 3524 2125 meliora
3555 2089 3674 2142 pro-

2132 2147 2338 2213 fecerit,
2369 2162 2620 2219 aspectat.

2204 2237 2385 2294 Facies
2427 2243 2480 2294 in
2518 2244 2756 2297 rationali
2798 2245 3074 2310 catenatas,
3118 2256 3223 2302 etc.
3272 2249 3418 2304 Ordo
3461 2253 3633 2318 operis
3658 2296 3673 2316 ,

2129 2338 2377 2393 quantum
2429 2331 2578 2382 nobis
2622 2332 2848 2393 videtur,
2897 2334 2980 2387 hic
3020 2334 3133 2388 fuit.
3175 2336 3286 2388 Duo
3313 2346 3458 2389 erant
3505 2339 3676 2391 uncini

2130 2428 2288 2483 supra
2325 2418 2375 2470 in
2409 2417 2611 2472 duobus
2641 2422 3081 2485 superbnmeralis
3110 2427 3316 2493 angulis
3343 2428 3596 2496 impositi,
3621 2439 3670 2483 et

2134 2506 2236 2559 duo
2277 2508 2459 2560 contra
2491 2509 2668 2562 annuli
2701 2509 2751 2562 in
2783 2511 2986 2566 duobus
3016 2515 3282 2567 rationalis
3320 2518 3529 2569 annulis
3553 2532 3668 2570 sur-

2127 2609 2262 2648 sum.
2295 2595 2336 2648 E
2372 2598 2558 2665 quibus
2589 2600 2884 2666 pendebant
2913 2602 3029 2656 dum
3066 2614 3271 2657 catena:
3300 2618 3478 2659 aurea:
3501 2644 3515 2669 ,
3558 2622 3668 2674 qua:

2130 2692 2362 2751 tempore
2387 2686 2628 2740 induendi
2657 2689 3024 2743 inserebantur
3053 2692 3275 2758 uncinis,
3303 2693 3394 2761 qni
3418 2693 3468 2746 in
3495 2707 3665 2762 super-

2128 2773 2410 2828 humeraiis
2460 2778 2665 2846 angulis
2713 2781 3054 2847 eminebant,
3109 2791 3165 2835 ut
3228 2784 3280 2836 in
3333 2788 3663 2852 sequentibus

2126 2868 2356 2932 apertius
2384 2869 2632 2935 scriptum
2662 2879 2760 2933 est,
2792 2880 2846 2923 ut
2885 2873 3312 2938 superhumerale
3338 2885 3390 2928 et
3421 2876 3664 2928 rationale

2131 2967 2310 3010 mutuo
2335 2969 2692 3015 necterentur.
2723 2961 2954 3027 Quorum
2982 2952 3220 3031 superior
3247 2967 3508 3019 connexio
3539 2967 3661 3018 hnc-

2129 3062 2289 3114 usque
2335 3049 2596 3116 descripta
2634 3060 2733 3105 est.
2802 3051 3046 3120 Sequitur
3087 3065 3260 3106 autem
3304 3055 3373 3108 de
3401 3056 3662 3116 interiori,

2129 3150 2246 3204 qua:
2275 3147 2386 3190 erat
2420 3137 2601 3192 subtus
2644 3139 2885 3194 ascellas.
2915 3141 3177 3209 Scriptura
3210 3142 3279 3194 ita
3311 3143 3566 3207 subiicit:

2198 3224 2374 3280 Facies
2398 3237 2445 3280 et
2469 3228 2598 3282 duos
2628 3230 2841 3282 annulos
2871 3246 3071 3293 aureos,
3103 3239 3206 3283 etc.
3233 3231 3383 3297 Quod
3413 3232 3575 3299 dicit:
3608 3233 3659 3285 Et

2128 3314 2178 3368 in
2223 3317 2362 3382 oris,
2404 3333 2520 3386 quae
2549 3334 2577 3373 e
2609 3322 2819 3387 regione
2866 3331 2986 3372 sunt
3033 3322 3522 3388 superbumeralis;
3561 3338 3657 3374 non

2132 3404 2393 3472 signiticat
2422 3407 2472 3458 in
2521 3409 2628 3460 oris
2659 3407 3101 3474 superbumeralis
3130 3449 3144 3472 ,
3175 3409 3267 3461 sed
3299 3409 3353 3463 in
3391 3412 3498 3463 oris
3529 3410 3619 3462 illis
3641 3450 3658 3471 ,

2126 3506 2241 3558 qum
2267 3509 2296 3544 e
2325 3495 2535 3560 regione
2561 3502 2683 3546 sunt
2717 3495 3156 3562 superhumeralis
3179 3535 3194 3557 ,
3221 3497 3322 3549 hoc
3347 3507 3452 3558 est,
3477 3499 3532 3584 in
3561 3481 3659 3549 oris

2128 3581 2422 3646 rationalis,
2453 3597 2569 3650 qua:
2599 3582 2844 3636 videlicet
2868 3597 2974 3636 ora:
3002 3599 3031 3636 e
3068 3583 3279 3652 regione
3322 3581 3658 3652 Superbume-

2125 3674 2250 3725 ralis
2276 3683 2415 3728 sunt.
2447 3674 2641 3727 Annuli
2666 3673 2806 3726 enim
2841 3673 2912 3726 illi
2938 3714 2953 3739 ,
2987 3674 3070 3740 qui
3097 3673 3146 3726 in
3175 3674 3372 3727 ultimis
3401 3684 3454 3728 et
3481 3674 3658 3727 intimis

2126 3773 2276 3816 erant
2302 3762 2506 3831 angulis
2543 3763 2834 3825 rationalis,
2861 3762 3120 3816 habebant
3145 3772 3329 3816 contra
3362 3777 3421 3817 se
3446 3764 3497 3816 in
3526 3773 3659 3815 utro-

2125 3867 2226 3918 que
2256 3853 2417 3906 latere
2445 3852 2894 3919 superhumeraiis
2920 3867 3067 3920 teque
3095 3854 3318 3905 annulus
3361 3853 3523 3914 alios,
3550 3851 3656 3918 qui-

2126 3940 2224 3994 bus
2271 3941 2367 4008 ipsi
2420 3940 2565 3993 vittis
2617 3940 2896 4007 ligantibus
2936 3940 3300 4008 iungerentur.
3359 3940 3432 3994 De
3483 3942 3658 4009 quibus

2125 4029 2832 4099 subsequenter'adjungitur
2863 4046 2876 4079 :

2196 4125 2301 4178 Nec
2332 4142 2429 4178 non
2463 4133 2510 4178 et
2546 4125 2672 4176 alios
2701 4123 2828 4174 duos
2856 4119 3073 4172 annulos
3109 4133 3320 4182 aureos,
3351 4131 3451 4174 etc.
3475 4121 3657 4174 Contra

2126 4213 2307 4267 faciem
2347 4213 2473 4266 dicit
2512 4213 2771 4280 iunctura:
2819 4209 3119 4273 inferioris;
3148 4209 3267 4276 quia
3316 4212 3384 4264 de
3423 4211 3656 4278 iunctura

2125 4305 2392 4374 superiore
2415 4342 2428 4365 ,
2461 4317 2576 4371 qum
2617 4311 2731 4355 erat
2773 4315 2934 4368 super
2963 4302 3202 4367 scapulas
3227 4342 3243 4364 ,
3287 4312 3411 4355 ante
3438 4303 3654 4354 dixerat.

497 4391 743 4441 virtutum
771 4404 829 4442 ac
861 4392 1107 4443 miracula
1138 4395 1434 4449 sanitatum.
1466 4397 1538 4450 De
1565 4400 1750 4464 quibus
1781 4402 1893 4468 ipse
1922 4402 2024 4453 Do-

2133 4395 2265 4448 Inter
2311 4407 2440 4462 quas
2487 4391 2727 4445 videlicet
2760 4391 3032 4458 iuncturas
3073 4391 3170 4444 hoc
3216 4392 3482 4451 distabat,
3525 4390 3658 4457 quod

497 4480 664 4532 minus
691 4479 940 4547 apostolis
972 4495 983 4532 :
1017 4480 1274 4547 lnﬁrmos,
1321 4484 1514 4550 inquit,
1560 4497 1730 4538 curate
1757 4527 1770 4551 ,
1806 4500 2026 4543 mortuos

495 4568 747 4630 suscitata,
782 4567 1001 4635 leprosos
1027 4568 1278 4632 inundate,
1322 4572 1567 4624 drenwncs
1612 4575 1773 4641 ejicile
1813 4574 2025 4644 (Matth.

494 4656 566 4718 xl.
597 4655 660 4707 Et
688 4656 875 4708 ite-rum
903 4672 915 4708 :
946 4656 1105 4723 Signa
1134 4665 1299 4709 autem
1321 4675 1422 4722 eos,
1455 4661 1537 4725 qui
1558 4662 1891 4728 crediderint,
1921 4667 2026 4718 haec

488 4754 750 4808 sequentur
777 4760 792 4795 :
820 4745 870 4795 in
899 4746 1098 4811 nomine
1126 4761 1232 4797 meo
1271 4750 1520 4800 dwmonia
1564 4753 1761 4820 eicient
1786 4793 1799 4815 ,
1842 4751 2025 4822 linguis

491 4833 751 4900 loquentur
798 4837 966 4900 novis,
1013 4847 1262 4902 serpentes
1301 4839 1517 4901 tollent;
1562 4842 1677 4892 etsi
1712 4845 2021 4911 mortiferum

486 4923 605 4987 quid
631 4922 852 4984 biberint,
889 4941 991 4977 non;
1014 4926 1082 4978 eis
1112 4926 1299 4978 nocebit
1322 4925 1508 4995 (Marc.
1540 4929 1668 4994 xvi).
1702 4929 1888 4982 Verum
1912 4933 2022 4986 sive

488 5012 606 5074 hoc,
636 5009 743 5063 sive
767 5011 912 5076 illud,
943 5013 1052 5066 sive
1079 5027 1353 5082 utrumque
1379 5014 1679 5082 designent,
1725 5029 1864 5071 recte
1899 5019 2019 5070 duo-

488 5098 732 5152 denarius
763 5098 814 5151 in
860 5101 1098 5154 rationali
1144 5117 1388 5155 numerus
1428 5103 1537 5155 ﬂeri
1587 5105 1924 5172 przecipitur;
1965 5117 2020 5159 ιιι

487 5198 659 5237 eorum
691 5188 1015 5240 solummodo
1035 5172 1181 5241 actus
1202 5199 1253 5241 et
1277 5191 1522 5242 miracula
1547 5231 1563 5256 ,
1594 5193 1677 5258 qui
1718 5193 2020 5260 apostolicae

485 5274 602 5326 lldei
632 5274 882 5330 doctrina:
910 5290 960 5330 et
989 5278 1259 5330 charitatis
1290 5279 1546 5331 unitatem
1577 5291 1886 5348 sequuntur,
1932 5297 2019 5334 ac-

482 5373 630 5429 cepta
658 5364 762 5416 Deo
782 5380 896 5417 esse
927 5368 1240 5420 noverimus.
1268 5368 1548 5432 Caeterum,
1578 5371 1622 5422 si
1642 5375 1752 5438 quis
1781 5376 2020 5442 loquatur

477 5452 684 5520 linguis,
711 5455 753 5505 si
778 5455 889 5520 quis
918 5455 1178 5522 facultates
1208 5460 1508 5524 pauperibus
1540 5474 1706 5511 omnes
1727 5463 2020 5522 distribuat,

476 5541 524 5591 si
547 5544 651 5606 quis
680 5545 844 5594 tradat
871 5559 1052 5606 corpus
1078 5560 1222 5594 suu'n
1266 5556 1320 5596 ut
1367 5549 1566 5606 ardeat,
1598 5551 1641 5598 si
1674 5551 1909 5602 unitatem
1938 5565 2022 5600 ca-

481 5630 676 5684 tholica.-
697 5632 951 5686 cliaritatis
975 5650 1069 5686 non
1092 5634 1339 5701 habuerit,
1365 5638 1489 5690 nihil
1509 5639 1584 5692 illi
1606 5641 1803 5708 prodest
1833 5641 1878 5709 (Ι
1907 5640 2024 5696 Con.

2133 4486 2371 4552 superior
2420 4483 2713 4546 catenulis,
2767 4481 2984 4534 inferior
3028 4495 3152 4533 vero
3193 4489 3309 4533 erat
3357 4483 3494 4534 vittis
3535 4483 3658 4533 facta

2129 4576 2431 4646 ligantibus.
2464 4573 2608 4627 Unde
2637 4579 2758 4637 apte
2781 4570 3113 4637 subiungitur
3140 4589 3151 4623 :

2202 4664 2263 4716 Et
2283 4666 2556 4730 stringatur
2577 4659 2824 4711 rationale
2836 4650 3045 4712 annalis
3063 4662 3162 4713 suis
3183 4678 3294 4713 cum
3313 4663 3537 4724 annalis,
3560 4671 3655 4715 etc.

2128 4753 2239 4807 Non
2268 4760 2444 4802 autem
2486 4749 2768 4816 putandum
2797 4757 2878 4801 est
2906 4759 3179 4818 utrumque
3208 4751 3566 4805 indumentum
3588 4749 3657 4802 si-

2130 4841 2235 4895 mul
2265 4854 2381 4893 esse
2402 4825 2759 4892 terminatum.
2803 4839 2928 4892 Nam
2961 4841 3212 4895 rationale
3235 4882 3252 4906 ,
3289 4842 3428 4909 quod
3460 4853 3656 4892 mensu-

2128 4945 2238 4983 ram
2267 4929 2423 4996 palmi
2455 4929 2504 4980 in
2528 4928 2826 4996 altitudine,
2855 4931 2988 4983 sicut
3014 4940 3063 4983 et
3092 4932 3142 4983 in
3167 4931 3439 4995 latitudine
3465 4928 3653 4990 habuit,

2126 5035 2229 5071 non
2264 5019 2424 5070 multo
2451 5017 2674 5084 amplius
2703 5035 2856 5084 quam
2889 5031 3067 5086 pectus
3095 5021 3265 5073 solum
3298 5027 3474 5084 tegere
3508 5018 3656 5072 snfli-

2126 5109 2315 5161 ciebat.
2366 5106 2806 5175 Superbumerale
2854 5118 3024 5161 autem
3076 5122 3239 5174 usque
3285 5108 3352 5174 ad
3399 5106 3653 5176 cingulum

2126 5196 2493 5268 pertingebat,
2544 5197 2678 5249 sicut
2721 5199 2771 5248 in
2822 5196 3196 5265 posterioribus
3245 5195 3654 5250 manifestissime

2126 5287 2436 5349 ostenditur,
2475 5285 2561 5338 ubi
2591 5287 2842 5350 scriptum
2885 5294 2964 5337 est
2991 5299 3005 5336 :
3039 5284 3157 5337 llaec
3183 5295 3238 5338 et
3265 5296 3407 5349 ante,
3434 5295 3488 5340 et
3522 5292 3654 5338 retro

2127 5375 2197 5428 ita
2227 5375 2605 5428 conveniebant
2642 5375 2761 5440 sibi,
2795 5383 2850 5426 ut
2877 5373 3302 5440 superhumerale
3328 5383 3382 5428 et
3409 5371 3651 5426 rationale

2129 5477 2306 5518 mutuo
2338 5473 2692 5526 necterentur,
2735 5462 3014 5518 stricta-ad
3056 5463 3281 5518 balteum
3308 5504 3323 5526 ,
3375 5474 3429 5517 et
3454 5461 3650 5517 annalis

2135 5554 2322 5607 lustius
2346 5553 2608 5621 copulata,
2640 5566 2773 5620 quos
2801 5550 3023 5616 ungebat
3050 5555 3176 5605 vitta
3208 5544 3560 5621 hyacinthina,
3589 5561 3650 5600 ne

2128 5644 2258 5699 laxa:
2289 5643 2544 5708 ﬂuerent,
2578 5653 2628 5696 et
2667 5656 2693 5693 a
2725 5654 2782 5692 se
2811 5640 3028 5696 invicem
3059 5650 3411 5695 moverentur.
3446 5638 3561 5692 [lac
3589 5637 3651 5689 de
