3898 6260
261 385 329 439 75
919 454 925 461 .
1023 383 1108 439 DE
1140 382 1632 440 TAIIEBNACULO
1671 382 1757 436 ET
1800 381 1988 456 YASIS
2026 381 2206 438 EJUS.
2248 410 2314 422 —
2353 381 2479 437 L'IB.
2522 384 2608 438 lli.

3305 386 3402 440 ιῖι

228 497 341 564 ipss
372 491 700 547 connexione
728 489 1172 560 superbumeralis
1199 502 1252 546 et
1279 491 1545 544 rationalis
1575 505 1763 544 secun-
1793 499 1846 564 Α
1867 492 2028 544 rimus
2068 504 2098 544 a
2141 501 2348 558 pectore
2389 491 2677 547 sacerdotis
2721 493 3004 558 relabatur,
3054 496 3097 548 si
3138 512 3242 550 nou
3282 515 3400 551 eum

224 585 352 638 dum
376 583 603 636 litteram
628 581 1072 655 dicta‘sunt.Quia
1098 596 1243 644 vero,
1269 583 1405 648 quod
1435 583 1628 649 saepius
1654 581 1763 635 dic-
1788 649 1801 659 .

226 684 339 728 tum
382 684 462 728 est
485 713 501 737 ,
537 672 966 740 superbumerale
995 672 1059 724 ad
1088 687 1304 738 operum
1354 671 1766 726 consummatio-

225 777 346 815 nem
378 762 674 825 bonorum;
717 760 972 814 rationale
1001 767 1172 813 autem
1200 799 1216 822 ,
1259 758 1322 812 ad
1371 757 1760 827 signiﬁcandam

225 849 600 918 cogitationum
629 847 937 901 munditiam
964 848 1190 914 pertinet
1212 846 1489 904 connexio.
1511 859 1627 912 qua:
1649 843 1761 897 hmc

225 937 279 989 in
310 938 617 990 alterutrum
650 935 844 999 sociat;
881 945 1022 989 recte
1051 935 1190 988 illam
1236 935 1425 987 mentis
1455 933 1759 986 industriam

222 1026 444 1093 ﬁgurate
465 1025 757 1089 denuntiat,
783 1036 884 1093 qua‘
901 1025 1170 1079 doctorum
1203 1023 1429 1078 ﬁdelium
1457 1024 1756 1077 intellectus

223 1130 288 1167 ac
337 1114 467 1168 ﬁdes
509 1130 626 1168 cum
678 1116 980 1182 operatione
1021 1115 1370 1182 coniungitur.
1420 1115 1586 1167 Manet
1621 1116 1758 1167 enim

221 1203 461 1270 iunctura
501 1204 839 1267 fabrefacta,
885 1214 999 1258 uta
1041 1218 1097 1258 se
1138 1205 1355 1259 invicem
1401 1206 1657 1259 rationale
1702 1220 1762 1258 ac

222 1291 655 1358 superltumerale
702 1302 961 1360 nequeant
1004 1294 1278 1360 separari,
1332 1295 1573 1361 quoniam
1619 1304 1755 1347 tanta

221 1378 545 1444 eruditione,
577 1389 723 1434 tanto
745 1383 921 1446 operis
951 1381 1125 1435 studio
1149 1383 1450 1450 pra-eminet
1479 1391 1670 1446 rector,
1705 1391 1761 1436 ut

223 1468 359 1524 nihil
388 1483 451 1523 ex
480 1471 556 1523 eis
586 1485 703 1537 qua:
732 1469 964 1522 facienda
993 1484 1109 1524 esse
1138 1472 1469 1538 cognoverit,
1512 1471 1760 1539 imperfe-

221 1565 369 1611 ctum
395 1556 686 1623 relinquat;
715 1557 784 1610 nil
807 1572 868 1610 ex
892 1559 969 1610 eis
993 1573 1109 1626 qum
1138 1567 1275 1611 recta
1308 1557 1478 1612 facere
1507 1559 1758 1622 cernitur,

221 1661 321 1715 per
348 1647 602 1702 incuriam
632 1648 809 1702 cordis
837 1648 1025 1702 virtute
1070 1649 1395 1702 rectitudinis
1431 1649 1615 1716 privet.
1665 1648 1761 1703 De-

219 1735 392 1790 ﬂuunt
420 1749 645 1804 namque
671 1736 972 1789 indumenta
1005 1737 1282 1805 pontilicis,
1312 1728 1422 1791 eta
1453 1751 1514 1813 se
1540 1738 1760 1791 invicem

1874 590 2211 647 perseverans
2237 578 2360 632 boni
2385 579 2562 645 operis
2589 579 2824 642 uncinos.
2853 579 2941 648 qui
2983 584 3279 649 contineat,
3309 598 3404 648 ap-
3424 584 3446 591 "

1869 665 2176 735 prehendat.
2197 666 2556 734 Subrogentur
2575 666 2774 722 eisdem
2797 669 3054 722 cateuulis
3076 671 3127 722 in
3150 672 3401 727 auxilium

1864 764 1919 810 et
1943 757 2059 810 ritze
2086 757 2451 825 hyacinthina,
2474 757 2660 826 quibus
2691 767 2907 827 uterque
2933 759 3223 815 sacerdotis
3250 763 3398 816 habi-

1865 855 1946 901 tus
1972 847 2037 900 ad
2075 846 2295 902 invicem
2326 849 2638 916 copuletur;
2665 848 2714 901 id
2745 857 2846 910 est,
2881 850 3114 917 ligatum
3153 851 3402 907 desiderii

1861 935 2094 990 cmlestis
2139 936 2439 990 fortissima:
2463 979 2479 1003 ,
2505 951 2622 1007 qua
2667 937 2872 990 annulis
2907 937 3079 992 aureis
3108 940 3358 994 immissae
3384 982 3400 1005 ,

1862 1024 2294 1090 superhumerale
2330 1039 2463 1077 .cttm
2525 1026 2766 1079 rationali
2819 1026 3226 1096 constringunt,
3280 1045 3399 1084 cum

1861 1113 2033 1180 agnita
2075 1111 2189 1165 luce
2235 1114 2416 1179 patriae
2461 1115 2745 1180 perennis,
2801 1115 2852 1167 in
2897 1115 3038 1167 illam
3086 1117 3396 1171 inell‘abilem

1860 1198 2075 1268 gloriam
2106 1201 2467 1268 suspiramus;
2501 1199 2678 1267 utique
2717 1211 2775 1255 ut
2816 1205 2948 1256 hanc
2973 1203 3165 1257 intrare
3193 1219 3399 1258 nterea-

1866 1306 2001 1354 nutr,
2031 1290 2277 1344 concordi
2307 1305 2514 1358 semper
2542 1291 2643 1344 lide
2683 1301 2735 1344 et
2766 1291 2891 1359 vita,
2921 1307 3080 1362 opere
3107 1303 3156 1348 et
3200 1295 3400 1359 profes-

1862 1379 2037 1442 sione,
2083 1380 2132 1433 in
2184 1380 2516 1434 tabernaequ
2561 1381 2833 1448 prmsentis
2880 1383 3128 1437 Ecclesia
3177 1384 3400 1439 Domino

1859 1471 2057 1525 servire
2082 1471 2372 1525 studemus.
2424 1470 2575 1537 Quod
2601 1482 2772 1526 autem
2814 1475 3248 1541 superbumerale
3273 1476 3398 1531 att-i-

1859 1570 2004 1615 ctum
2035 1569 2149 1615 erat
2179 1561 2368 1624 balteo,
2399 1570 2454 1613 ut
2479 1562 2529 1615 in
2556 1562 2913 1629 sequentibus.
2940 1564 3026 1616 ubi
3059 1562 3289 1630 pontifex
3321 1567 3401 1619 inv

1858 1649 2134 1712 duebatur,
2161 1649 2389 1716 apertius
2414 1649 2704 1712 indicatur;
2749 1657 2801 1703 et
2837 1651 2902 1705 de
2929 1652 3344 1718 superbumeralt
3374 1695 3392 1722 ,

1866 1738 2056 1806 inquit,
2083 1739 2348 1805 imposuit,
2376 1739 2509 1806 quod
2533 1738 2793 1808 stringens
2823 1740 2995 1794 balteo
3015 1743 3209 1808 aptavit
3239 1743 3396 1797 ratio-

220 1836 524 1890 rnoventur,
575 1824 617 1876 si
663 1824 747 1878 vel
793 1825 953 1878 decus
993 1826 1167 1891 operis
1212 1825 1332 1878 boni
1375 1825 1543 1877 minor
1586 1826 1760 1877 cordis
1797 1841 1838 1896 Β
1864 1826 1996 1892 nali;
2024 1827 2140 1896 quis
2164 1841 2264 1881 non
2295 1828 2487 1891 videat,
2517 1828 2655 1896 quod
2684 1837 2860 1882 custos
2897 1829 3148 1884 bonorum
3178 1844 3396 1897 operum

217 1910 456 1965 custodia
489 1913 724 1965 sordidat
747 1955 762 1978 ,
810 1913 889 1965 vel
921 1913 1215 1966 castitatem
1247 1926 1391 1981 purae
1434 1912 1761 1978 cogitationis

217 1999 495 2066 integritas
541 2015 641 2054 non
691 2004 928 2069 sequitur
972 2001 1217 2069 perfech
1263 2000 1501 2055 actionis.
1553 2001 1655 2054 Scd
1698 2016 1762 2054 ne

219 2088 336 2142 hinc
360 2089 426 2142 ab
453 2089 672 2144 iniicetn
705 2091 908 2144 valeant
935 2092 1187 2156 dissolvi,
1219 2090 1407 2145 habent
1433 2091 1677 2151 sacerdos
1709 2091 1760 2145 iu

221 2178 464 2232 rationali
491 2177 620 2244 duas
663 2180 931 2232 catenulas
959 2194 1023 2233 ex
1063 2195 1189 2232 auro
1218 2179 1528 2248 purissimo,
1563 2180 1610 2232 id
1640 2189 1718 2234 est
1743 2223 1756 2243 ,

217 2269 666 2323 continuationem
709 2279 864 2323 casta:
903 2277 1085 2322 etnon
1117 2270 1251 2322 ﬁctae
1290 2269 1582 2323 dilectionis
1610 2272 1759 2324 cordi
1796 2286 1800 2288 ‘

217 2372 320 2410 suo
350 2358 568 2412 ﬁrmiter
598 2358 844 2422 affixam;
891 2374 1005 2427 qua!
1054 2373 1313 2424 nunquam
1356 2373 1539 2411 manus
1567 2366 1620 2411 et
1665 2359 1762 2411 lin-

218 2463 376 2516 gnam
411 2449 549 2502 illius
594 2449 662 2502 ab
692 2450 936 2517 a'quitate
967 2448 1082 2518 puri
1112 2463 1296 2502 sensus
1339 2449 1612 2503 dissentire
1643 2463 1761 2515 per-

219 2537 416 2590 mittat.
465 2537 527 2588 Et
554 2537 686 2590 bene
726 2539 876 2603 duas,
908 2547 964 2590 ut
991 2546 1046 2591 et
1090 2538 1141 2592 in
1193 2538 1274 2591 his
1317 2554 1434 2611 qua:
1480 2539 1542 2591 ad
1573 2536 1762 2592 divina}

217 2625 415 2679 cultum
453 2626 720 2680 servitutis
746 2666 760 2690 ,
792 2636 842 2683 (ιι
874 2628 924 2680 in
953 2628 1030 2681 eis
1060 2643 1177 2695 qua:
1205 2629 1268 2680 ad
1312 2628 1549 2681 fraternae
1593 2629 1764 2680 subsi-

218 2715 364 2768 dium
401 2716 724 2768 necessitatis
753 2716 1033 2782 pertinent,
1077 2718 1175 2770 rite
1205 2727 1418 2770 ornatus
1449 2717 1668 2770 incedat.
1703 2718 1765 2770 Et

220 2802 432 2872 quidem
457 2813 636 2870 aperte
661 2818 790 2871 opus
817 2803 1089 2857 charitatis
1116 2819 1205 2872 per
1227 2805 1493 2857 catenulas
1518 2805 1762 2873 exprimi-

222 2900 307 2946 tur
349 2906 574 2956 aureas;
629 2895 745 2961 quia
801 2895 936 2947 sicut
981 2895 1216 2948 catenula
1265 2909 1326 2947 ex
1377 2893 1612 2961 plurimis
1653 2896 1762 2947 auri

221 2981 439 3050 virgulis
485 2995 584 3035 una
629 2983 946 3044 contexitur,
995 2986 1061 3035 ita
1108 2984 1334 3037 cbaritas
1379 2973 1440 3037 ex
1485 2983 1762 3037 multifaria

221 3071 473 3124 virtutum
515 3073 818 3139 operatione
848 3072 1129 3140 perﬁcitur.
1162 3073 1302 3136 Quas
1332 3072 1563 3137 profecto
1591 3073 1762 3140 virgu-

221 3158 303 3213 las
332 3175 602 3227 exponens
646 3162 946 3229 Apostolus,
996 3164 1070 3215 ait
1116 3179 1128 3214 :

221 3248 432 3318 benigna
459 3261 532 3302 est
561 3266 581 3304 :
608 3251 826 3305 charitas
856 3269 953 3306 non
995 3253 1277 3317 aemulatur,
1319 3271 1417 3307 non
1455 3254 1555 3325 agit
1583 3271 1754 3323 perpe-

219 3355 351 3401 ram,
382 3341 730 3417 nonin/latuit,
760 3359 858 3396 non
898 3354 970 3397 est
1008 3345 1302 3410 ambitiosa,
1329 3362 1426 3398 non
1451 3348 1626 3414 quierit
1651 3362 1762 3415 qua

200 3425 316 3482 lsua
344 3442 478 3494 sunt,
509 3448 606 3484 non
635 3433 887 3500 irritatur,
919 3451 1016 3487 non
1047 3437 1228 3504 cogitat
1267 3437 1474 3500 malum,
1506 3454 1602 3488 non
1632 3455 1760 3505 gan-

221 3518 304 3570 det
333 3534 481 3585 super
511 3520 852 3587 iniquitatem;
889 3524 1166 3591 congaudet
1204 3534 1369 3577 autem
1398 3525 1592 3578 ueritati
1615 3564 1630 3589 ,
1658 3541 1761 3577 om-

220 3608 310 3657 nia
338 3605 540 3672 stt/fert,
585 3610 754 3661 onmia
783 3611 960 3675 credit,
990 3612 1157 3663 omnia
1194 3621 1395 3676 sperat,
1423 3613 1588 3663 omnia
1611 3612 1762 3662 susti-

221 3703 301 3748 net
331 3693 380 3764 (1
413 3693 527 3749 Cor.
561 3702 698 3764 χιιι).
747 3699 942 3752 Habeat
968 3710 1140 3752 autem
1169 3709 1220 3752 et
1245 3701 1464 3752 annulus
1493 3714 1695 3762 aureos,
1730 3713 1761 3752 e

223 3783 418 3851 quibus
465 3783 662 3838 ezcdem
718 3793 914 3838 catena:
964 3785 1262 3854 pendeant;
1317 3786 1365 3838 id
1415 3794 1532 3849 est,
1582 3785 1758 3854 jugem

222 3873 535 3926 memoriam
569 3882 831 3941 perpetua
858 3885 908 3930 et
941 3890 1202 3942 nunquam
1249 3879 1484 3931 ﬁniendae
1513 3878 1762 3931 claritatis

225 3960 280 4015 in
310 3964 512 4016 caelesti
545 3966 734 4033 patria,
764 3979 828 4021 ex
869 3982 968 4036 qua
999 3969 1164 4023 solum
1198 3970 1444 4024 memoria
1489 3971 1594 4024 ﬁeri
1625 3986 1761 4024 cnn-

223 4052 430 4112 suevlt,
462 4061 520 4104 ut
564 4053 807 4108 continua
847 4057 996 4111 nobis
1027 4060 1223 4126 possint
1263 4061 1465 4114 vincula
1509 4061 1761 4114 claritatis

223 4154 456 4193 manere.
505 4139 739 4195 Ilabebat
774 4145 906 4198 duos
943 4148 1172 4199 uncinos
1221 4147 1272 4199 itt
1319 4148 1761 4214 superhmueralis

225 4219 429 4297 angulis
465 4230 756 4283 eminentes
779 4272 796 4298 ,
841 4235 1029 4302 quibus
1058 4235 1355 4288 inserantur
1397 4217 1615 4297 calente,
1663 4235 1761 4288 hoc

226 4328 309 4371 est
339 4319 388 4371 in
435 4320 547 4384 ipso
576 4320 794 4372 exordio
839 4321 1093 4389 cujusque
1133 4326 1284 4379 bonae
1313 4325 1533 4378 actionis
1577 4324 1762 4379 habeat

215 4406 429 4459 ﬁrmam
463 4408 568 4461 Deo
609 4407 846 4474 placendi
879 4408 1243 4475 intentionem,
1289 4429 1403 4482 quae
1431 4427 1549 4481 apta
1580 4416 1647 4466 sit
1674 4429 1763 4481 per

1859 1918 2162 1973 ﬁdelissima
2217 1922 2382 1974 virtus
2411 1930 2489 1975 est
2539 1921 2905 1975 continentiae?
2925 1922 2992 1976 de
3012 1937 3110 1990 qua
3146 1923 3398 1978 Dominus

1859 2009 1908 2061 in
1939 2008 2217 2077 Evangelia
2248 2027 2260 2060 :
2295 2010 2429 2071 Sint.
2465 2011 2652 2078 inquit,
2693 2011 2852 2063 lumbi
2875 2014 3026 2064 uestri
3050 2014 3327 2080 praecincti,
3348 2024 3397 2068 et

1858 2098 2071 2152 lucerna
2100 2098 2328 2153 ardentes
2383 2098 2536 2169 (Luc.
2593 2098 2714 2170 xtl).
2767 2098 2951 2153 Lumbi
2988 2099 3229 2154 videlicet
3259 2115 3394 2168 prte-

1859 2187 2035 2251 cincti.
2091 2202 2186 2255 per
2229 2188 2637 2252 continentiam;
2693 2189 2920 2254 lucerna:
2965 2189 3245 2252 ardentes,
3303 2204 3398 2257 per

1862 2275 2223 2344 operationem
2245 2275 2514 2329 virtutum.

1928 2362 2254 2428 Portabitque
2283 2366 2449 2418 Aaron
2480 2366 2680 2418 nomina
2720 2366 2941 2433 ﬁliorum
2967 2364 3132 2418 Israel
3161 2366 3212 2418 in
3238 2366 3397 2418 ratio-

1858 2453 1963 2504 nali
1978 2451 2182 2521 judicii,
2213 2461 2318 2507 etc.
2347 2452 2566 2519 Semper
2591 2453 2799 2520 quidem
2832 2461 3041 2521 oportet
3067 2455 3395 2508 sacerdotem

1871 2543 2182 2595 memoriam
2212 2551 2418 2610 patrum
2451 2543 2501 2594 in
2529 2551 2738 2608 pectore
2783 2542 2894 2598 suo
2931 2542 3098 2605 l’crre;
3146 2543 3235 2594 sed
3282 2557 3399 2608 per-

1865 2633 2093 2684 maxime
2133 2641 2277 2692 tunc.
2308 2630 2521 2701 quando
2552 2630 2939 2683 ntinistratnrus
2966 2643 3142 2682 coram
3176 2629 3399 2682 Domino

1866 2724 1929 2773 ad
1961 2721 2131 2773 altare
2153 2719 2417 2784 ascendit,
2438 2727 2493 2772 ut
2516 2733 2621 2787 quo
2648 2716 2900 2772 sacratius
2926 2726 3005 2772 est
3031 2717 3394 2780 ministerium,

1862 2825 1924 2865 eo
1954 2810 2200 2863 solertius
2249 2814 2359 2862 toto
2395 2822 2453 2860 se
2483 2806 2832 2875 permundans
2861 2805 3051 2866 studio,
3092 2813 3192 2856 tota
3245 2803 3397 2856 indu-

1861 2899 1989 2952 stria
2018 2898 2206 2951 mentis
2233 2909 2490 2951 exornans
2518 2905 2577 2949 et
2596 2895 2849 2963 corporis,
2880 2902 3177 2948 sanctorum
3207 2908 3388 2948 exem-

1865 2988 1946 3054 pla
1975 2988 2253 3055 respiciat;
2289 2987 2582 3054 horumque
2613 2985 2822 3040 sedulus
2847 2984 3076 3038 imitator
3105 2984 3338 3037 existens
3369 3023 3385 3048 ,

1860 3086 2036 3144 aptum
2082 3089 2139 3128 se
2183 3075 2372 3126 divinis
2420 3075 2668 3127 exhibere
2709 3082 2856 3126 curet
2906 3074 3222 3138 aspectibus.
3265 3073 3393 3126 liciti

1175 3161 1400 3216 Charitas
1429 3166 1618 3231 patiens
1647 3173 1756 3229 est,
1788 3165 1831 3226 C
1865 3164 2072 3218 nomina
2120 3163 2346 3217 ﬁliorum
2398 3162 2558 3216 Israel
2612 3162 2786 3224 Aaron
2831 3176 2988 3229 sttpcr
3032 3169 3214 3229 pectus
3240 3174 3395 3221 suum

1863 3253 2166 3307 txemoriale
2192 3243 2380 3306 coram'
2400 3251 2624 3306 Domino
2653 3260 2822 3319 portat
2853 3254 2903 3304 in
2933 3261 3203 3315 aeternum,
3230 3266 3396 3318 quan-

1865 3345 1932 3398 do
1985 3344 2175 3412 praesul
2231 3343 2452 3412 quisque
2501 3342 2670 3394 ﬁdelis
2698 3356 2961 3409 nunquam
2991 3357 3171 3394 eorum
3204 3343 3391 3408 quibus

1863 3433 2104 3498 praelatus
2145 3441 2225 3484 est
2264 3445 2442 3483 curam
2498 3429 2794 3482 intermittit
2834 3429 3058 3492 habere;
3107 3429 3201 3482 sed
3233 3429 3388 3482 vitam

1857 3521 2049 3588 iugiter
2097 3520 2306 3571 illorum
2349 3516 2678 3570 exhortando
2699 3555 2714 3580 ,
2747 3517 3092 3584 increpando,
3122 3527 3174 3570 et
3199 3531 3390 3570 conso-

1864 3607 2039 3668 lando,
2087 3608 2199 3674 ipse
2229 3605 2549 3668 confortare,
2581 3615 2629 3658 et
2654 3603 3050 3658 confortandam
3085 3606 3392 3658 tutandum-

1860 3709 1961 3762 que
2021 3693 2239 3746 Domino
2282 3693 2482 3748 crebris
2537 3692 2588 3746 in
2655 3692 2975 3746 orationibus
3024 3695 3393 3747 commendare

1859 3783 2066 3851 satagit.
3445 3769 3448 3773 ’

1929 3872 2094 3925 Panes
2122 3882 2286 3925 autem
2310 3873 2364 3925 in
2393 3872 2630 3925 rationali
2649 3872 2836 3943 judicii
2878 3871 3154 3925 doctrinam
3182 3881 3229 3925 et
3259 3873 3391 3924 veri-

1862 3974 2036 4030 tatem,
2065 3972 2168 4016 elc.
2200 3962 2321 4017 Ideo
2351 3963 2584 4016 doctrina
2617 3973 2670 4016 et
2692 3965 2880 4017 veritas
2908 3965 2958 4016 in
2987 3964 3226 4016 rationali
3252 3964 3393 4030 judi-

1859 4051 1925 4103 cii
1969 4050 2078 4102 sive
2134 4049 2326 4103 litteris
2377 4053 2648 4116 impressa,
2705 4065 2797 4104 seu
2829 4051 3055 4104 nominis
3082 4061 3277 4102 tantum
3306 4066 3391 4104 sa-

1859 4146 2129 4190 cramento
2157 4146 2305 4190 crant
2351 4135 2615 4205 imposita,
2673 4148 2727 4189 ut
2778 4138 3006 4204 pontifex
3035 4137 3217 4190 eadem
3247 4126 3392 4194 veste

1861 4223 2087 4287 indutus,
2118 4225 2436 4277 meminisset
2466 4239 2525 4276 se
2562 4225 2752 4277 studiis
2781 4225 3032 4278 doctrina:
3061 4235 3115 4279 et
3151 4228 3401 4282 veritatis

1860 4313 2208 4381 inquirendis,
2241 4329 2345 4380 uo_n
2374 4324 2544 4367 autem
2575 4315 2816 4368 curandis
2845 4315 3200 4384 rimandisque
3228 4332 3394 4370 stuen-

1862 4405 2054 4459 laribus
2104 4403 2328 4474 negotiis
2367 4420 2460 4472 per
2509 4416 2777 4471 acceptum
2817 4407 3172 4459 'sacerdmiunt
3228 4410 3397 4464 fuisse

226 4492 402 4544 omnia
442 4495 785 4559 suscipienda:
831 4505 883 4550 et
926 4497 1251 4550 continendae
1298 4501 1348 4551 in
1393 4515 1450 4553 se
1496 4500 1756 4553 dilectioni
1793 4495 2256 4559 Dconsecratum;
2310 4504 2367 4547 ut
2415 4497 2552 4562 quod
2598 4497 2826 4549 exterius
2875 4498 3103 4566 typicunt
3154 4497 3203 4549 in
3249 4508 3397 4551 veste

227 4585 321 4638 Ilei
363 4594 416 4636 et
458 4589 711 4653 proximi;
755 4589 825 4641 ita
861 4599 914 4642 ut
961 4589 1069 4642 sive
1110 4603 1350 4656 prospera
1398 4606 1487 4643 seu
1535 4593 1758 4644 adversa

227 4685 446 4741 quaeque
470 4679 816 4740 occurrerint,
861 4693 1120 4746 nunquam
1160 4677 1500 4739 saluberrima
1541 4680 1636 4743 pia:
1667 4679 1760 4733 de-

229 4762 453 4815 votionis
499 4763 783 4816 retinacula
826 4766 986 4819 laxet.
1044 4767 1153 4819 lIoc
1195 4774 1275 4819 est
1319 4780 1540 4832 namque
1584 4780 1760 4818 sacer-

229 4853 403 4908 dotem
446 4858 496 4907 in
541 4865 758 4921 utroque
807 4855 1024 4910 humero
1069 4859 1306 4918 uncinos,
1355 4856 1440 4921 qui
1490 4856 1758 4909 calenulas

234 4947 502 5000 rationalis
527 4945 810 5014 excipiant,
843 4946 1063 5009 habere;
1095 4958 1146 5000 et
1171 4951 1221 5001 in
1253 4948 1509 5015 prosperis
1535 4961 1676 5008 eum,
1706 4955 1760 4998 et

229 5034 280 5086 in
314 5035 513 5101 asperis
543 5050 716 5089 rerum
743 5033 1014 5088 eventibus
1049 5035 1206 5088 ﬁxum
1239 5019 1344 5089 Deo
1386 5035 1618 5102 placendi
1651 5043 1760 5086 stu-

232 5122 374 5176 dium
419 5138 622 5191 gerere,
670 5136 722 5180 et
765 5125 915 5194 hujus
959 5125 1246 5180 intentione
1301 5126 1454 5181 studii
1500 5128 1549 5180 in
1599 5127 1760 5194 ipsius

233 5213 385 5268 simul
430 5227 477 5266 et
523 5217 738 5280 proximi
780 5230 956 5270 amore
999 5213 1216 5268 ﬁrmari.
1264 5216 1498 5270 luserunt
1539 5231 1662 5282 ergo
1702 5230 1761 5271 se

234 5299 408 5355 uncini
438 5287 874 5368 superhumeralis
902 5303 1150 5359 catenulis
1185 5303 1387 5368 aureis,
1419 5319 1530 5371 qua:
1569 5305 1633 5376 de
1669 5318 1756 5356 ra-

236 5393 445 5447 tionalis
473 5391 854 5445 summitatibus
882 5393 1167 5447 oil'eruntur
1191 5405 1206 5454 ;
1238 5405 1355 5442 cum
1383 5405 1443 5443 ea
1475 5408 1588 5459 qua:
1617 5407 1765 5445 mens

236 5486 612 5544 rationabiliter
651 5491 716 5542 de
759 5491 958 5544 interna
1009 5491 1122 5544 Iuce
1167 5478 1431 5542 clt‘aritatis
1479 5494 1763 5557 degustat,

237 5593 354 5643 unus
411 5578 654 5632 alacritas
714 5577 848 5630 bene
901 5579 1150 5646 apex-audi
1205 5579 1424 5632 libenter
1475 5582 1764 5649 amplexata

238 5664 485 5736 suscipit,
521 5679 586 5720 ne
613 5665 747 5719 forte
775 5665 926 5719 citius
971 5667 1176 5723 habitus
1205 5664 1475 5740 rationalis
1512 5669 1767 5736 pulcher-

1865 4586 2222 4655 pra-l'ulgebat,
2257 4585 2396 4636 intus
2428 4585 2478 4636 in
2507 4585 2664 4637 corde
2690 4587 2941 4638 veraciter
2961 4591 3265 4652 expressum
3296 4603 3389 4639 co-

1864 4684 2115 4728 ruscarct.
2148 4674 2269 4725 Item
2298 4673 2381 4725 do:
2401 4673 2532 4724 trina
2562 4680 2614 4725 et
2643 4681 2833 4726 veritas
2876 4683 3024 4727 erant
3067 4675 3116 4726 iu
3147 4679 3392 4732 rationali

1864 4769 2066 4836 positu),
2101 4775 2152 4816 ut
2179 4772 2358 4828 aperte
2384 4763 2691 4828 ﬁguraretur
2717 4764 2836 4830 quia
2866 4764 3025 4816 vestis
3053 4764 3136 4816 illa
3177 4780 3280 4817 non
3307 4780 3396 4818 so-

1864 4857 1966 4910 lum
1994 4855 2207 4922 legalem
2237 4851 2515 4904 induebant
2561 4852 2880 4918 pontiﬁcem,
2931 4851 3020 4905 sed
3061 4862 3114 4904 et
3153 4855 3390 4920 Evange-

1865 4951 1986 5002 Iiuﬂs
2019 4944 2412 5014 prtenuntiabat.
2448 4944 2525 4995 vel
2557 4944 2730 5010 ipsum
2762 4942 3008 4995 videlicet
3065 4943 3341 4995 Dominum
3375 4983 3396 5006 γ

1861 5037 1926 5090 dc
1954 5051 2054 5098 quo
2091 5034 2338 5099 scriptum
2371 5041 2451 5084 est
2484 5049 2494 5082 :
2524 5032 2657 5096 Quia
2683 5035 2762 5093 lea;
2783 5049 2867 5102 per
2897 5032 3104 5101 Moysen
3135 5033 3253 5086 data
3279 5043 3349 5083 est
3376 5072 3401 5094 ,

1863 5131 2024 5199 gratia
2053 5137 2217 5197 autent
2245 5134 2292 5176 et
2318 5127 2495 5177 veritas
2538 5141 2624 5192 per
2673 5123 2847 5178 lerunt
2888 5124 3137 5178 Christum
3169 5124 3298 5191 facta
3321 5134 3396 5175 est

1871 5220 2044 5291 (Joan.
2078 5219 2138 5283 ι).
2168 5215 2261 5267 Vel
2285 5225 2426 5268 certe
2447 5216 2710 5281 apostolos
2751 5217 2881 5281 ejus,
2916 5218 3021 5266 imo
3045 5225 3227 5266 omnes
3254 5212 3387 5279 ejus.

1865 5314 1983 5365 dem
2009 5306 2189 5376 gratia:
2218 5313 2272 5357 et
2309 5306 2545 5358 veritatis
2575 5318 2860 5372 praecones.

1937 5399 1998 5452 Et
2026 5395 2243 5466 gestabat
2258 5397 2509 5463 judicium
2532 5395 2748 5459 ﬁliorum
2780 5391 2934 5444 Israel
2964 5395 3013 5444 in
3057 5402 3249 5458 pectore
3279 5406 3393 5450 suo,

1863 5502 1969 5545 etc.
1996 5486 2522 5553 Sacerdosjudiciunt
2556 5484 2776 5551 ﬁliorum
2809 5481 2963 5537 Israel
2988 5485 3036 5534 in
3061 5491 3266 5547 pectore
3297 5494 3401 5531 suo

1863 5581 1914 5635 in
1936 5585 2215 5643 conspectu
2247 5574 2451 5628 Domini
2473 5581 2661 5641 gestat,
2692 5586 2812 5645 cum
2836 5571 3156 5624 subditorum
3203 5583 3388 5622 causas

1863 5683 1957 5738 pro
1987 5666 2094 5724 sola
2121 5665 2309 5718 interni
2333 5661 2524 5733 judicia
2557 5662 2846 5717 intentione
2874 5659 3109 5723 discutit,
3164 5667 3218 5712 ut
3261 5661 3386 5712 nihil
