3898 6260
511 400 616 468 475

1010 395 1206 450 ΒΕΙΗΕ
1245 396 1511 452 VENEHA
1524 399 1576 450 lli
1589 399 1688 451 ωδ
1727 397 1949 452 υριειιυ
1962 399 2004 456 Μ

2157 402 2218 452 ιδ
2259 399 2325 450 ll.
2366 430 2432 439 —
2473 400 2851 462 LXEGETICA
2895 401 3213 460 GENUINA.

3622 406 3721 460 HG

507 531 569 573 se
595 519 673 571 eis
699 516 1032 569 humanitatis
1055 515 1363 578 admisceat,
1395 515 1444 566 in
1476 530 1538 568 eo
1568 514 1706 582 quod
1738 514 1908 566 divina
1968 530 2056 581 po—
2087 518 2130 571 Α
2163 519 2256 571 tos,
2281 528 2399 565 cum
2424 514 2579 568 vitam
2612 515 2746 569 hanc
2778 515 2927 568 linire
2966 525 3239 584 coguntur,
3275 515 3534 569 intentius
3561 519 3716 573 solita

510 609 641 663 situs
663 608 778 660 vice
801 604 1088 674 dispensat.

1114 692 1334 748 CAPUT
1377 693 1460 746 Vl.

950 786 1145 840 Tunica
1173 785 1620 857 superhumeralis.

581 875 758 931 Facies
785 887 833 930 et
862 878 1081 930 tunicam
1124 875 1553 942 sitperlmntcrnlis
1588 884 1741 928 totam
1775 875 2056 944 hyacinthi-

507 982 645 1018 nam.
675 965 924 1017 Tunicam
958 964 1083 1016 dicit
1111 964 1578 1029 superhumeralis,
1610 963 1760 1030 cujus
1800 979 1918 1031 pars
1954 978 2054 1016 neu

507 1054 718 1109 minima
739 1054 1148 1118 superhumerali
1175 1056 1459 1122 tegebatur,
1491 1056 1553 1105 ad
1577 1055 1966 1109 distinctionem
1987 1067 2060 1108 tn-

505 1149 655 1209 nicm,
687 1163 802 1214 qua:
832 1155 947 1200 erat
977 1147 1214 1211 interior,
1261 1146 1438 1209 Iinete;
1470 1161 1687 1213 quarum
1719 1147 1917 1214 pariter
1950 1162 2058 1200 nie-

504 1235 652 1286 tniuit
680 1233 941 1300 superius,
973 1234 1185 1288 dicens:
1224 1234 1342 1287 ΙΙωο
1365 1243 1538 1287 autem
1562 1245 1719 1288 erunt
1743 1235 2053 1288 veSIimenta

504 1342 619 1389 qua:
644 1325 866 1387 facient;
900 1326 1152 1379 rationale
1180 1336 1232 1378 et
1257 1327 1714 1392 superhumerale,
1747 1326 1975 1378 tunicam
2004 1336 2056 1378 et

504 1419 690 1469 lim-ani
721 1417 982 1470 strictam.
1013 1417 1237 1470 Interior
1266 1428 1438 1469 autem
1462 1427 1578 1472 erat
1606 1420 1766 1483 linea,
1792 1418 1910 1472 sive
1933 1417 2056 1486 bys-

501 1509 636 1573 sina,
665 1509 802 1576 quod
835 1509 922 1562 lini
954 1525 1071 1563 esse
1096 1525 1260 1579 genus
1284 1510 1666 1565 nobilissimum
1696 1520 1922 1566 constat.
1950 1513 2056 1566 Ex-

501 1599 672 1659 terius,
688 1611 812 1650 vero
845 1600 1014 1651 tunica
1045 1608 1148 1652 tota
1175 1600 1533 1666 hyacinthina,
1566 1601 1692 1653 nihil
1725 1602 1938 1654 omnino
1959 1615 2049 1655 co-

503 1688 627 1741 loris
655 1688 871 1743 alterius
892 1690 1196 1745 admittens.
1226 1691 1389 1757 Cujus
1412 1694 1642 1758 speciem
1671 1693 1918 1746 uniformi
1952 1694 2052 1746 vita

505 1777 778 1832 manifeSIe
806 1782 1174 1843 sacerdotalis,
1200 1785 1372 1850 qualis
1402 1798 1522 1837 esse
1549 1785 1759 1847 debeat,
1791 1787 2011 1839 docetur
2037 1804 2050 1840 :

2160 603 2225 655 ab
2264 604 2495 657 omnium
2550 605 2665 658 labe
2730 607 2982 659 malorum
3025 621 3316 674 expurgare
3361 608 3715 668 contendunt.

2165 709 2281 764 cum
2313 701 2454 746 metu
2480 704 2532 747 et
2559 709 2754 762 pavore
2780 706 3136 760 procurantes,
3171 711 3238 749 ne
3266 707 3390 749 ante
3417 698 3715 751 districtum

2119 831 2122 835 .
2155 781 2383 848 judicent
2417 784 2672 852 perducti,
2705 799 2792 848 pro
2825 785 3039 839 sordido
3064 786 3310 839 vitiorum
3338 788 3519 840 habitu
3545 791 3715 856 expel-

2162 873 2350 934 lantur,
2379 884 2533 941 atque
2568 875 2617 926 in
2670 875 2908 928 tenebras
2934 877 3261 943 przecipitent
3291 885 3541 939 aeternas,
3588 881 3712 944 quin

2162 965 2330 1031 potius
2353 976 2637 1031 appareant
2663 967 2847 1019 indoli.
2877 968 3013 1019 sicut
3032 967 3184 1019 electi
3223 969 3312 1020 Dei
3345 970 3517 1021 sant-ti
3542 978 3596 1021 et
3637 969 3712 1021 di-

2163 1055 2280 1107 lueti
2311 1058 2508 1110 viscera
2561 1053 2956 1120 misericordiae,
3005 1057 3403 1128 benignitatem,
3446 1059 3712 1111 humilita.

2163 1155 2283 1208 tetu,
2329 1147 2656 1201 tundesliam.
2707 1149 3011 1216 patientiam
3049 1165 3060 1200 :
3105 1164 3265 1215 super
3303 1152 3478 1202 omnia
3530 1162 3704 1203 autem

2161 1235 2270 1289 hmc
2297 1235 2626 1298 charitatem,
2675 1237 2810 1306 quod
2834 1246 2915 1291 est
2959 1237 3219 1290 vinculum
3262 1239 3616 1306 perfectionis.
3649 1239 3710 1290 Et

2159 1326 2274 1378 ideo
2305 1328 2563 1380 veraciter
2595 1328 2951 1380 indumentum
2997 1328 3252 1394 nuptiale.
3292 1329 3428 1396 quod
3453 1329 3503 1381 in
3528 1329 3708 1382 convi-

2158 1418 2241 1467 \‘io
2262 1430 2378 1481 suo,
2409 1417 2461 1469 id
2492 1428 2594 1481 eat,
2620 1419 2670 1472 in
2703 1418 2904 1472 Eclesia
2931 1430 3107 1470 sancta
3133 1433 3224 1471 rex
3251 1428 3305 1471 et
3337 1420 3495 1484 judex
3535 1430 3709 1472 noster

2157 1507 2394 1562 invenire
2429 1509 2737 1564 delectatur.
2764 1508 2962 1565 Tunica
3001 1525 3125 1580 ergo
3164 1513 3455 1566 sacerdotis
3492 1512 3709 1582 hyacin-

2159 1599 2301 1651 thina
2327 1600 2482 1652 habet
2520 1615 2667 1652 oram
2698 1601 2747 1653 iu
2774 1602 2966 1666 eapitio
2997 1603 3262 1664 textilem,
3287 1603 3423 1656 sicut
3462 1605 3512 1655 in
3536 1612 3709 1657 extre-

2157 1695 2256 1744 mis
2285 1691 2504 1743 vestium
2532 1689 2764 1758 partibus
2795 1691 2904 1744 ﬁeri
2933 1692 3101 1753 solet;
3129 1706 3248 1744 cum
3279 1694 3467 1745 doctor
3485 1694 3706 1760 quiaque

2155 1781 2397 1850 egregius
2421 1773 2468 1834 ia
2515 1791 2653 1834 tanta
2695 1781 3016 1850 perfectione
3053 1797 3187 1849 opus
3219 1782 3475 1835 virtutum
3506 1783 3705 1850 incipit,

502 1869 602 1924 hoc
623 1871 980 1937 est,supernis
997 1871 1162 1924 solum
1188 1873 1462 1927 desideriis
1484 1875 1808 1928 incessantur
1831 1876 2049 1940 intenta,
2091 1858 2128 1914 Π
2157 1873 2218 1925 ad
2245 1883 2488 1940 quantam
2514 1872 2726 1940 quilibet
2747 1874 2878 1926 alius
2899 1872 3192 1926 diutissime
3215 1873 3485 1936 laborans,
3508 1872 3593 1925 vix
3619 1873 3705 1924 ali-

499 1969 549 2012 et
572 1961 994 2012 conversationem
1018 1961 1161 2028 juxta
1189 1962 1492 2027 Apostolum
1523 1965 1708 2017 habens
1736 1967 1787 2018 in
1819 1969 1973 2030 cozlt's,
1999 1985 2055 2020 ac

495 2049 576 2100 sui
605 2048 886 2102 Saluatoris
928 2050 1044 2103 inde
1086 2050 1426 2105 desideranter
1452 2067 1745 2122 exspectans
1783 2059 2055 2111 adventum

500 2136 726 2207 (Philip.
758 2148 862 2214 tu).
894 2140 1022 2205 Quae
1061 2142 1306 2196 videlicet
1333 2145 1503 2198 tunica
1529 2187 1542 2208 ,
1572 2149 1709 2200 sicut
1735 2158 1785 2201 et
1819 2150 2052 2218 byssina,

506 2229 568 2280 ad
616 2232 776 2296 pedes
807 2246 970 2299 usque
1002 2234 1364 2303 pertingehat;
1413 2238 1550 2290 unde
1599 2249 1823 2305 utraque
1874 2239 2055 2294 Grtece

503 2320 710 2384 pedi-ris
759 2322 893 2374 dicta
936 2333 1063 2386 est,
1122 2333 1178 2377 ut
1233 2327 1604 2380 ostenderetur
1647 2328 1715 2380 nil
1772 2329 1820 2379 in
1871 2343 2048 2384 sacer-

497 2412 656 2466 dotali
706 2411 806 2465 vita
854 2413 1089 2468 inﬁmum
1145 2431 1208 2470 ac
1259 2417 1528 2470 sordidum
1583 2435 1898 2484 remanere,
1961 2421 2051 2475 sed

496 2521 654 2558 omne
694 2506 832 2574 quod
874 2516 1092 2575 ageret,
1147 2508 1294 2575 quasi
1348 2511 1582 2564 anhereo
1624 2513 1798 2566 colore
1844 2516 2051 2580 specio-

496 2595 759 2649 sis-imum
790 2637 803 2656 .
832 2599 1077 2651 universa
1112 2600 1346 2652 membra
1380 2600 1492 2666 ejus
1517 2615 1545 2653 a
1577 2603 1750 2668 capite
1778 2617 1946 2669 usque
1985 2604 2050 2656 ad

497 2685 657 2750 pedes
686 2691 850 2754 gratia
872 2689 1124 2741 virtutum
1147 2700 1388 2742 contecta
1421 2704 1536 2744 esse
1563 2691 1775 2745 debere.
1812 2694 1937 2746 Item
1966 2704 2048 2746 tu-

497 2773 612 2827 nica
648 2775 797 2828 talari
823 2778 1070 2830 sacerdos
1097 2789 1202 2831 tela
1237 2778 1556 2832 hiaeinthini
1590 2784 1832 2846 vestitur,
1873 2795 1926 2836 ut
1959 2786 2052 2838 ad-

501 2875 777 2919 moneatur
840 2881 971 2934 opus
1015 2869 1233 2922 caeleste
1282 2886 1384 2922 unu
1431 2869 1779 2925 inchoandum
1830 2883 2050 2928 tantum-

494 2956 669 3020 modo,
702 2971 880 3009 verum
908 2957 1066 3012 etiam
1091 2975 1253 3029 usque
1277 2961 1326 3014 in
1354 2960 1507 3015 linem
1543 2962 1592 3015 in
1626 2978 1688 3018 eo
1719 2978 1837 3018 esse
1863 2980 2045 3032 perse-

499 3046 786 3099 verandum
817 3050 1060 3105 omnibus
1088 3051 1177 3120 qui
1204 3051 1332 3105 salvi
1372 3068 1489 3106 esse
1533 3055 1811 3109 voluerint.
1851 3056 2046 3109 Tunica

493 3150 717 3202 namque
748 3137 1082 3204 hyacinthina
1104 3143 1352 3222 usquead
1386 3145 1540 3211 pedes
1562 3146 1763 3210 vestiri,
1787 3157 1867 3200 est
1895 3148 2046 3204 bonis

490 3230 742 3296 Oper-ibus
783 3247 946 3301 usque
982 3235 1044 3287 ad
1079 3236 1233 3289 ﬁnem
1265 3239 1382 3291 vita:
1421 3240 1534 3306 ejus
1565 3242 1825 3306 in~istere,
1860 3244 2046 3310 pra‘ci-

489 3323 664 3388 pieute
693 3340 754 3378 ac
786 3329 1125 3394 promittente
1154 3329 1376 3382 Domino
1402 3348 1413 3381 :
1452 3329 1574 3383 Esto
1602 3333 1768 3399 ﬁdelis
1800 3349 1953 3399 usque
1984 3336 2051 3387 ad

489 3426 720 3480 mortem,
768 3425 814 3469 et
862 3418 992 3470 dabo
1022 3419 1114 3470 tibi
1145 3434 1386 3472 coronam
1414 3421 1525 3472 vitm
1549 3423 1729 3488 (Apoc.
1757 3423 1834 3489 II).
1888 3423 1948 3476 Et
1979 3423 2049 3476 ita

490 3508 613 3575 quia
644 3511 978 3563 solummodo
1010 3511 1075 3564 ad
1110 3512 1481 3578 perfectionem
1528 3515 1677 3567 bona:
1719 3515 1942 3569 aetionis
1971 3517 2050 3568 in-

493 3599 742 3667 fatigahi'i
770 3601 1034 3665 preposito
1059 3603 1443 3670 perveniemus,
1490 3607 1531 3656 si
1569 3605 1702 3659 hanc
1740 3606 1836 3659 ﬁta
1873 3608 2043 3660 inten-

490 3692 631 3743 tione
674 3704 914 3756 supernae
956 3695 1394 3748 remunerationis
1444 3696 1755 3766 incipimus,
1795 3707 1939 3753 recte
1981 3701 2046 3753 de

486 3782 674 3837 eadem
700 3784 873 3836 tunica
899 3784 1266 3854 subjuugitur:
1494 3842 1512 3848 _

563 3873 629 3927 In
654 3878 801 3946 cujus
832 3877 996 3929 medio
1042 3893 1195 3944 supra
1227 3878 1320 3929 erit
1359 3877 1622 3944 capitium,
1649 3888 1752 3931 etc.
1785 3878 2040 3946 Capitium

486 3969 679 4037 quippe
705 3970 897 4021 tunicae
922 3968 1277 4037 hyacinthina:
1307 3967 1658 4020 ﬁrmissimam
1696 3967 1851 4020 habet
1874 3984 2040 4030 oram,

487 4067 623 4112 etes
668 4071 786 4114 sese
825 4069 1041 4126 textam,
1073 4073 1138 4110 ne
1178 4059 1327 4111 facile
1357 4066 1650 4125 rumpatur,
1675 4075 1791 4111 cum
1817 4060 2043 4127 primor-

487 4148 633 4201 dium
666 4150 812 4202 boua:
837 4158 1032 4202 nostra:
1053 4148 1272 4201 aetionis
1297 4148 1418 4201 forti
1443 4149 1617 4202 lalIICC
1654 4149 1855 4202 timoris
1876 4149 2041 4203 divini

486 4238 792 4298 subnixum,
842 4250 895 4292 et
938 4248 1116 4293 contra
1155 4256 1340 4294 omnes
1381 4241 1594 4293 insidias
1637 4241 1800 4295 hostis
1837 4243 2040 4309 antiqui

485 4328 737 4393 probatur
774 4343 890 4381 esse
915 4329 1193 4382 munitum.
1235 4330 1378 4383 Talis
1425 4346 1647 4398 namque
1685 4347 1801 4395 ora,
1844 4333 2039 4384 collum

483 4416 776 4471 sacerdotis
805 4432 898 4484 per
921 4433 1103 4487 gyrum
1129 4420 1285 4472 vestit
1305 4429 1356 4473 et
1385 4428 1540 4491 ornat
1564 4461 1578 4482 ,
1611 4421 1819 4487 quando
1847 4420 2037 4474 rectori

2154 1963 2360 2030 quando
2383 1963 2653 2029 pervenit:
2701 1975 2819 2014 cum
2856 1971 2998 2015 tanto
3031 1964 3218 2015 timore
3255 1962 3539 2016 famulatus
3569 1964 3705 2014 onmi

2157 2051 2301 2115 hora,
2325 2051 2476 2119 juxta
2499 2067 2791 2106 seruienetn
2817 2054 3083 2121 propheta:
3110 2055 3360 2106 sollicitus
3410 2054 3699 2106 anibnlirbat

2155 2159 2266 2193 cum
2298 2142 2515 2198 Domino
2547 2143 2651 2197 Deo
2673 2161 2764 2198 suo
2794 2144 2976 2212 (Mich.
3015 2151 3115 2212 Vl),
3137 2157 3386 2213 quantum
3412 2145 3602 2211 aliquis
3625 2145 3700 2196 vel

2158 2233 2463 2301 moriturus,
2509 2244 2562 2288 et
2611 2235 2674 2287 ad
2715 2233 2967 2302 judicium
2999 2235 3200 2288 Detuini
3234 2236 3314 2286 sui
3357 2237 3601 2288 ultimum
3633 2235 3706 2287 in-

2155 2338 2450 2391 gressurus,
2475 2327 2558 2377 vix
2591 2325 2784 2380 habere
2814 2326 3029 2380 sufﬁcit.
3079 2327 3272 2380 Verum
3295 2326 3415 2393 quia
3444 2339 3552 2380 tcta
3596 2342 3702 2393 per-

2157 2414 2309 2467 fectio
2352 2416 2640 2470 sacerdotis
2695 2418 2746 2471 in
2787 2418 3036 2485 Operibus
3088 2425 3142 2470 et
3185 2416 3421 2470 doctrina
3470 2417 3702 2470 veritatis

2152 2512 2414 2572 consistit,
2457 2513 2604 2578 juxta
2654 2512 2942 2579 hoc.quod
2987 2512 3169 2565 beatus
3232 2511 3400 2564 Lucas
3444 2510 3700 2578 descripto

2154 2603 2434 2671 Evangelia
2457 2602 2600 2665 dicit,
2630 2603 2802 2669 fecisse
2831 2618 2881 2653 se
2907 2617 3181 2654 sermonem
3227 2601 3288 2652 de
3313 2600 3392 2652 Itis
3420 2617 3535 2669 qua?
3563 2603 3703 2668 capit

2151 2695 2297 2749 Iesus
2326 2700 2488 2763 facere
2517 2704 2563 2746 et
2594 2695 2770 2746 docere
2791 2694 2926 2762 (Act.
2951 2695 2990 2760 ι)
3015 2710 3027 2756 ;
3058 2702 3197 2747 recte
3220 2692 3556 2762 subjungitur
3589 2712 3601 2743 :

2227 2787 2474 2840 Deorsum
2530 2801 2644 2838 t'ero
2686 2785 2753 2837 ad
2783 2786 2929 2852 pedes
2959 2786 3181 2856 ejusdem
3211 2784 3393 2836 tunica:
3413 2800 3504 2850 per
3528 2783 3702 2834 circui-

2151 2887 2276 2943 tum,
2308 2887 2409 2930 etc.
2443 2875 2691 2930 Deorsum
2725 2890 2952 2943 namque
3001 2875 3065 2927 ad
3120 2875 3280 2942 pedes
3319 2873 3510 2928 tunica
3558 2873 3700 2936 liunt,

2149 2970 2296 3038 quasi
2326 2968 2458 3021 mala
2491 2969 2677 3036 punica
2705 2977 2758 3020 et
2792 2967 3138 3021 tintinnabula
3170 2983 3263 3034 per
3277 2966 3699 3036 gyrum,quando

2151 3061 2214 3114 ad
2238 3069 2432 3113 tantam
2463 3057 2825 3113 excellentiam
2876 3059 3078 3112 devota:
3132 3059 3239 3112 Deo
3288 3057 3698 3111 conversationis

2152 3151 2398 3204 sacerdos
2433 3148 2756 3216 pervenerit,
2789 3159 2846 3202 ut
2877 3148 2950 3200 nil
2978 3149 3028 3200 in
3061 3147 3152 3200 illo
3182 3147 3326 3201 aliud
3356 3161 3512 3214 quam
3532 3147 3698 3213 splen-

2158 3239 2255 3292 dor
2287 3247 2342 3293 et
2370 3241 2554 3306 gratia,
2591 3241 2811 3304 nosque,
2844 3248 2896 3290 ut
2931 3240 2998 3290 ita
3029 3239 3274 3302 dixerim,
3314 3238 3496 3291 varius
3543 3239 3695 3291 bono-

2155 3345 2268 3382 rum
2299 3344 2513 3398 operum
2545 3328 2826 3381 videatur:
2860 3327 2933 3380 nil
2965 3327 3033 3380 ab
3064 3327 3154 3380 illo
3183 3326 3324 3380 aliud
3349 3341 3470 3380 cum
3494 3339 3551 3378 os
3580 3341 3676 3394 ape

2151 3421 2338 3481 ruerit,
2391 3434 2549 3490 quam
2595 3419 2944 3473 suavissimus
3002 3421 3187 3471 horum
3241 3431 3402 3471 sonus
3436 3417 3693 3470 audiatur.

2149 3512 2277 3575 Quia
2318 3513 2460 3564 enim
2495 3511 2543 3562 in
2571 3511 2713 3563 malo
2739 3510 2930 3578 punico
2955 3507 3115 3561 multa
3141 3505 3363 3562 interius
3380 3520 3563 3578 grana,
3595 3520 3693 3559 uno

2157 3602 2282 3657 foris
2329 3606 2522 3657 cortice
2579 3611 2846 3672 teguntur,
2878 3609 3022 3654 recte
3061 3613 3154 3668 per
3183 3599 3318 3652 mala
3351 3599 3534 3668 punica
3563 3598 3693 3651 titul-

2150 3695 2323 3750 til‘aiia
2357 3697 2604 3748 virtutum
2649 3694 2909 3760 operatio,
2959 3686 3378 3743 uuo'cliaritatis
3415 3688 3694 3742 munimine

2150 3789 2381 3853 undique
2403 3801 2612 3839 versum
2639 3794 2770 3838 tecta
2803 3782 3134 3850 designatur.
3165 3779 3248 3834 Fit
3299 3793 3477 3833 autem
3515 3779 3691 3833 eadem

2146 3877 2400 3929 tualorum
2428 3874 2734 3940 punicomm
2758 3869 2958 3938 efﬁgies
2976 3882 3040 3921 ex
3067 3867 3347 3937 hyacintho
3371 3878 3424 3920 et
3448 3881 3691 3934 purpura,

2145 3977 2196 4018 et
2220 3979 2381 4017 cocco
2411 3965 2489 4016 bis
2519 3965 2704 4024 tincto,
2739 3971 2810 4022 et,
2840 3969 2898 4013 ut
2928 3960 2979 4012 in
3022 3958 3368 4026 sequentibus
3413 3959 3688 4020 invenitur,

2144 4054 2300 4105 etiam
2340 4067 2404 4104 ex
2446 4051 2603 4118 bysso
2634 4058 2829 4102 retorta
2861 4066 2876 4109 ;
2909 4048 3103 4114 quibus
3151 4057 3382 4116 quatuor
3409 4048 3688 4112 coloribus,

2145 4159 2258 4211 qua!
2285 4142 2530 4194 virtutem
2560 4140 2790 4190 varietas
2845 4137 3136 4199 intimetur,
3167 4137 3360 4203 saepius
3383 4138 3687 4189 inculcatum

2143 4242 2242 4286 est.
2274 4231 2366 4284 llis
2397 4243 2522 4283 vero
2560 4227 2612 4280 ili
2668 4225 2840 4279 nudio
2893 4223 3251 4277 tintinnabula'
3292 4227 3686 4290 permiscentur,

2142 4339 2260 4379 cum
2289 4336 2456 4390 neque
2497 4334 2629 4387 opus
2659 4317 2950 4370 sacerdotis
2993 4328 3220 4383 unquam
3260 4329 3289 4365 a
3321 4315 3496 4365 sonitu
3526 4311 3683 4373 verbi,

2146 4415 2282 4484 quod
2326 4412 2580 4482 loquitur,
2609 4410 2902 4476 discrepat;
2928 4421 3098 4476 neque
3123 4419 3152 4458 a
3175 4401 3492 4458 rectitudine
3521 4403 3684 4466 operis

453 4489 726 4563 iliduciam
774 4509 1019 4578 loquendi
1060 4510 1282 4562 subditis
1337 4489 1405 4562 ac.
1439 4509 1752 4575 prmdicandi
1803 4511 2034 4562 cmlestia
2066 4523 2113 4580 ι)
2145 4504 2355 4558 territus
2407 4501 2662 4564 adversis,
2738 4501 2924 4568 lingua
2969 4497 3173 4552 sonitus
3222 4492 3488 4549 dissentit.
3544 4489 3684 4545 Unde

485 4605 764 4656 maximam
791 4602 1009 4669 praebet,
1044 4601 1142 4654 hoc
1182 4599 1319 4668 quod
1353 4600 1465 4666 ipse
1491 4613 1593 4650 non
1627 4601 1796 4650 solum
1830 4599 1880 4649 iu
1910 4615 2027 4664 prn-

481 4706 636 4745 cnrsu
664 4691 784 4742 vita:
804 4703 911 4742 sua:
943 4697 1085 4741 recte
1107 4685 1314 4748 vixerit,
1337 4680 1432 4735 sed
1459 4684 1628 4750 ipsum
1653 4698 1857 4750 quoque
1881 4698 2034 4735 exor-

484 4782 630 4835 dium
671 4797 700 4833 a
742 4780 1055 4842 rectitudine
1080 4779 1319 4841 coeperit,
1353 4776 1501 4844 juxta
1537 4775 1830 4842 exemplum
1859 4775 2034 4829 beatoc

488 4887 606 4923 rum
649 4871 934 4931 Samuelis;
966 4869 1263 4932 llieremim,
1296 4875 1349 4920 et
1384 4866 1601 4920 Joannis
1645 4867 2033 4934 prephetarum.

487 4962 575 5029 qui
607 4960 672 5013 ab
698 4960 808 5027 ipsa
838 4959 1050 5012 infantia
1092 4957 1317 5037 §Piritus
1344 4956 1511 5010 sancti
1542 4959 1705 5026 gratia
1738 4958 1942 5024 roplcti,
1983 4969 2036 5012 et

489 5053 542 5108 in
563 5052 836 5105 doctorum
875 5051 1114 5104 ordinem
1158 5060 1281 5102 sunt
1318 5052 1600 5120 segregati.
1638 5051 1743 5104 Vox
1773 5051 2031 5116 siquidem

482 5144 538 5197 lu
560 5142 693 5196 collo
714 5150 817 5204 est,
858 5143 1080 5211 ideoque
1122 5157 1213 5210 per
1233 5142 1424 5196 collum
1450 5152 1594 5197 recte
1626 5142 1870 5210 loquendi
1906 5156 2030 5194 usus

483 5234 810 5305 exprimitur.
850 5231 982 5302 Apte
1024 5242 1199 5286 autem
1239 5247 1355 5284 cum
1380 5249 1469 5286 ora
1508 5234 1687 5301 capitii
1725 5247 1819 5300 per
1839 5245 2029 5301 gyrum

482 5329 678 5382 textilis
717 5325 830 5381 ﬁeri
883 5324 1274 5394 preciperetur,
1325 5321 1500 5375 statim
1548 5323 1856 5389 adjunetnm
1907 5330 2025 5373 est:

475 5420 624 5474 Sicut
656 5418 766 5472 ﬁeri
794 5416 929 5470 solet
957 5417 1008 5469 in
1045 5413 1300 5468 extremis
1336 5411 1558 5463 vestium
1591 5411 1843 5479 partibus.
1882 5410 2029 5463 Sicut

479 5510 618 5563 enim
643 5507 876 5561 vestibus
915 5519 1096 5573 Opera.
1128 5506 1212 5557 ita
1237 5501 1498 5556 extremis
1538 5503 1764 5554 vestium
1793 5499 2026 5569 partibus

476 5607 652 5662 potest
675 5613 779 5650 non
811 5594 1241 5649 inconvenienter
1265 5593 1372 5659 ipsa
1396 5604 1611 5657 Operam
1646 5588 2026 5644 consummatio

481 5691 711 5754 figurari.
745 5689 836 5744 Vel
874 5696 1018 5740 certe
1057 5695 1308 5739 extremm
1350 5682 1574 5734 ve-tium
1605 5692 1800 5748 partes.
1834 5682 2024 5734 ultima:

482 5788 601 5834 :ttttl
630 5789 821 5832 nostra:
847 5775 1256 5836 sollicitudines.
1299 5775 1489 5835 quibus
1516 5787 1629 5827 sese
1659 5773 1848 5840 quique
1895 5773 2026 5827 lide-

2141 4595 2351 4664 pultine
2379 4594 2583 4645 additur
2609 4610 2618 4643 :

2208 4685 2290 4738 Ita
2336 4695 2389 4738 ut
2436 4681 2827 4738 tintinnabulum
2866 4681 3006 4732 aliud
3035 4680 3100 4732 sit
3126 4693 3357 4740 aureum,
3386 4683 3488 4729 etc.
3521 4672 3680 4725 Anna

2142 4777 2333 4845 quippe
2385 4775 2745 4829 tintinnabula
2799 4770 3148 4841 hyacinthina:
3196 4766 3456 4833 pontiﬁcis
3503 4762 3682 4816 tunica

2147 4866 2473 4932 inseruntur,
2499 4877 2545 4918 et
2578 4864 2720 4917 omni
2764 4878 2825 4916 ex
2861 4871 3005 4927 parte
3027 4857 3418 4921 circundantur,
3446 4868 3564 4907 cum
3583 4867 3680 4904 osu-

2138 4956 2215 5010 nis
2245 4971 2420 5008 sermo
2450 4955 2566 5022 ejns
2591 4954 2887 5008 claritatem
2917 4963 3160 5017 superine
3209 4947 3340 4998 lucis
3371 4950 3600 5006 resonat,
3629 4949 3681 4994 et

2136 5045 2269 5098 idem
2299 5044 2522 5107 sonitus,
2551 5039 3060 5112 veluthyacintbiute
3087 5036 3276 5089 tunicae
3299 5035 3449 5086 lirme
3472 5032 3676 5094 infixus.

2134 5150 2349 5202 operum
2392 5150 2601 5205 quoque
2640 5134 2806 5204 ipsius
2832 5128 3155 5185 sublimitate
3182 5124 3505 5178 audientium
3533 5137 3678 5177 men-

2135 5209 2272 5279 tibus
2300 5225 2717 5279 commendatur.
2754 5220 3009 5286 Fiuutque
3034 5218 3149 5267 bina
3187 5215 3348 5293 mala.
3369 5216 3557 5268 circa.
3578 5213 3675 5267 sit

2131 5317 2249 5385 gula
2271 5313 2632 5374 tintinnabula,
2664 5318 2710 5363 et
2742 5311 2927 5361 circum
2972 5304 3169 5372 singula
3201 5304 3336 5357 mala
3361 5306 3477 5357 bina
3504 5305 3675 5359 tintin-

2132 5406 2335 5466 nabula,
2395 5419 2512 5458 cum
2559 5412 2611 5454 et
2659 5397 2830 5452 omnia
2881 5411 2997 5463 qua:
3047 5393 3280 5462 loquitur
3321 5395 3472 5450 bonis
3493 5392 3674 5449 conﬁr-

2134 5506 2338 5548 mantur
2381 5493 2602 5553 actibus,
2654 5497 2808 5556 atque
2847 5489 2895 5539 in
2943 5486 3238 5540 auditorum
3289 5488 3483 5541 arctius
3522 5483 3674 5540 conde

2133 5588 2387 5656 ﬁguntuu
2423 5595 2476 5638 et
2520 5586 2759 5637 universa
2791 5594 2905 5649 qua:
2941 5581 3067 5648 agit,
3097 5595 3252 5650 quam
3301 5579 3409 5634 sint
3449 5579 3674 5631 rationa-

2133 5677 2275 5743 bilia,
2315 5677 2545 5730 discreto
2600 5673 2856 5728 sermonis
2915 5670 3087 5728 sonitu
3158 5671 3478 5740 produntur.
3539 5665 3671 5720 Βωο

2131 5778 2305 5822 autem
2335 5770 2569 5835 sequitur
2600 5782 2616 5820 :
