3898 6260
236 459 340 518 ιη

1039 452 1125 506 DE
1162 449 1652 506 TABliRNACULO
1695 449 1780 504 ET
1824 448 2014 505 VASIS
2055 448 2236 505 ειυς.
2275 480 2343 491 -
2381 448 2487 503 LIB
2526 448 2609 502 lii.

3319 447 3419 501 «iis

318 570 382 624 Et
408 556 636 622 uitietur
657 581 715 620 ea
737 565 903 618 Aaron
928 565 978 616 in
1012 563 1223 632 ofﬁciunt
1250 562 1529 623 ministerii,
1583 573 1633 613 tu
1684 575 1775 612 au-
1808 563 1856 622 Α
1882 560 1987 629 qui.
2017 560 2163 631 juxta
2215 574 2507 614 sermonem
2556 559 2742 626 Esaiae,
2797 557 2971 611 missus
3022 567 3092 609 est
3140 559 3416 622 prtcdicare

244 663 412 714 dicitur
436 657 651 720 sonitus,
685 665 788 708 etc.
836 653 1093 707 Sacerdos
1120 665 1342 717 namque
1379 636 1675 716 ingrediens
1701 646 1781 701 vel

243 746 523 818 egrediens
563 744 807 808 moritur,
836 741 878 794 si
910 740 977 794 de
1014 754 1078 793 co
1106 740 1310 793 sonitus
1353 753 1455 791 non
1503 737 1782 797 audiatur;

244 841 364 911 quia
416 839 545 892 iram
585 824 766 891 contra
821 849 879 889 se
918 830 1107 885 occulti
1131 829 1323 900 judicis
1362 830 1540 899 exigit,
1582 830 1625 882 si
1673 830 1787 881 sine

246 928 640 999 praedicationis
663 925 835 979 senitu
873 921 1086 975 incedit.
1118 920 1265 985 Quod
1296 920 1337 973 si
1358 920 1570 987 .losephi
1615 916 1787 971 verbis

245 1018 517 1073 intendere
541 1015 877 1077 voluerimus,
920 1013 1109 1081 quibus
1144 1012 1292 1075 dicit,
1337 1011 1469 1063 mala
1514 1009 1565 1062 in
1617 1008 1788 1061 tunica

247 1109 507 1179 pontiﬁcis
529 1107 854 1175 septuaginta
885 1104 989 1157 duo
1019 1104 1200 1167 fuisse,
1225 1111 1277 1156 et
1316 1102 1549 1170 ejusdem
1584 1098 1789 1153 numeri

250 1198 624 1261 tintinnabula,
669 1193 907 1264 congruit
941 1198 1041 1249 hoc
1085 1193 1263 1262 ﬁguris
1293 1193 1660 1262 mysteriorum
1689 1206 1702 1253 ;
1740 1198 1792 1242 ut

247 1292 387 1344 sicut
416 1291 465 1342 in
488 1288 707 1341 humero
736 1300 798 1340 ac
823 1294 1035 1353 pectere
1057 1284 1396 1350 apostolicum
1427 1281 1563 1334 ferre
1613 1296 1792 1333 nume-

251 1384 369 1437 rtint
396 1383 574 1451 jussus
616 1390 717 1443 est,
751 1381 817 1432 ita
844 1380 1000 1433 etiam
1038 1376 1415 1443 discipulorum
1465 1373 1791 1442 septuaginta

257 1476 480 1531 duorum
503 1474 641 1527 circa
672 1470 836 1537 pedes
894 1483 1167 1522 numerum
1192 1465 1520 1531 adsignatum
1559 1463 1791 1515 haberet.

251 1566 475 1622 Constat
497 1564 634 1617 enim
672 1561 808 1630 quod
835 1561 972 1613 sicut
1026 1559 1379 1612 duodeuarins
1438 1555 1793 1623 apostolorum

255 1669 508 1710 numerus
547 1650 862 1720 episcopalis
914 1648 1133 1716 gradum
1176 1645 1447 1717 dignitatis
1498 1643 1795 1706 inchoavit,

258 1746 337 1801 sic
361 1742 600 1812 discipuli
632 1740 959 1811 septuaginta
982 1739 1105 1802 duo,
1136 1739 1220 1806 qui
1254 1745 1307 1789 et
1355 1737 1449 1804 ipsi
1500 1734 1564 1788 ad
1610 1733 1798 1802 prsidi-

257 1834 484 1890 candum
539 1831 755 1888 verbum
794 1837 918 1885 sunt
950 1829 1094 1882 missi
1125 1843 1151 1879 a
1182 1826 1423 1889 Domino,
1455 1823 1669 1892 gradum
1713 1837 1797 1875 sa-

1882 666 2069 703 onaum
2096 649 2297 703 Domini
2324 659 2599 718 acceptum,
2643 659 2688 702 et
2727 646 3221 701 dicmretributionir
3273 647 3417 709 (Esa.

1886 752 2033 805 ut):
2064 753 2183 792 cum
2214 738 2279 792 de
2300 740 2483 792 eodem
2511 753 2648 792 anno
2668 746 2721 791 et
2742 737 3008 791 l’sahnista
3032 738 3189 801 e:niit,
3219 738 3420 805 dicens,

1888 826 2157 883 Benedices
2185 844 2383 882 coronw
2418 830 2540 881 anni
2561 828 2875 897 benignitatis
2898 838 2994 881 tua:
3015 827 3231 896 (l’satnt.
3260 829 3421 896 utv).

1891 918 2092 983 Quibus
2120 920 2259 970 enim
2298 915 2349 970 in
2380 916 2626 982 pra-senti
2669 916 2817 969 dedit
2858 917 3225 985 benignitatem
3272 927 3428 970 recta:

1891 1008 2007 1061 ﬁdei
2034 1018 2084 1061 ct
2106 1007 2444 1073 operationis,
2476 1006 2620 1059 dabit
2650 1006 2699 1059 in
2746 1006 2829 1059 die
2871 1006 3222 1060 retributionis
3273 994 3427 1059 coro-

1899 1118 2017 1156 nam
2046 1110 2310 1169 perpetua:
2342 1100 2744 1155 hcncdiminnis.

2483 1191 2703 1244 CAPUT
2744 1190 2849 1243 Vll.

2449 1281 2677 1335 Laminw
2709 1298 2888 1335 attrea'.

1965 1371 2144 1426 Facies
2178 1384 2223 1426 et
2256 1372 2493 1425 laminam
2528 1375 2590 1425 de
2615 1390 2739 1423 auro
2763 1373 3049 1438 purissimo,
3080 1378 3181 1425 etc.
3226 1370 3434 1424 Lamina

1893 1475 2021 1514 vero
2040 1476 2193 1514 aurea
2220 1462 2268 1512 in
2300 1460 2471 1514 fronte
2497 1462 2774 1527 pontilicis,
2810 1462 2857 1512 in
2892 1475 2991 1529 qua
3006 1469 3241 1512 sanctum
3263 1460 3435 1512 Domi-

1896 1566 1983 1617 no,
2008 1552 2117 1606 sive
2135 1562 2372 1605 sanctum
2397 1551 2601 1604 Domini
2632 1561 2684 1603 ut
2709 1552 2759 1604 in
2774 1549 3107 1619 sequentibus
3125 1548 3432 1617 appellatur,

1897 1642 2153 1710 sculptum
2178 1651 2275 1704 est,
2308 1640 2561 1695 sacratius
2589 1641 2794 1693 c:rteris
2812 1649 2921 1692 erat
2944 1638 3436 1693 imlumentisillins.

1902 1734 1962 1787 Et
1991 1733 2176 1786 merito
2193 1731 2311 1801 quia
2338 1732 2471 1785 sicut
2489 1732 2662 1783 divina
2693 1729 2920 1798 potentia
2940 1729 3140 1785 cunctis
3166 1746 3280 1797 qua:
3298 1746 3438 1783 crea-

1902 1824 1971 1877 vit
1992 1824 2364 1890 supereminet,
2384 1822 2451 1876 ita
2472 1821 2767 1888 Oportebat,
2783 1830 2831 1873 ut
2854 1836 3044 1874 nomen
3062 1819 3175 1889 ejus
3194 1831 3439 1873 (‘Icltll'lllll

255 1928 477 1987 cerdotii
533 1927 778 1990 minoris,
832 1924 920 1992 qui
960 1936 1096 1975 nunc
1146 1920 1537 1995 presbyteratus
1562 1926 1796 1978 vocatur,
1832 1898 1878 1957 Β
1908 1914 2166 1983 pontiﬁcis
2196 1912 2424 1965 habitum
2461 1922 2807 1979 ornatumque
2846 1910 3244 1975 transcenderis,
3278 1911 3437 1963 altius

257 2034 353 2073 sua
379 2018 641 2074 electione
666 2016 956 2081 signarunt.
987 2011 1131 2066 Unde
1152 2021 1201 2063 et
1242 2009 1443 2062 illorum
1475 2022 1720 2060 numerus
1749 2006 1797 2057 in

258 2111 441 2167 ultima
487 2115 634 2177 parte
657 2102 997 2159 sacerdotalis
1038 2101 1273 2163 habitus,
1301 2099 1389 2152 ille
1434 2098 1485 2152 in
1536 2097 1699 2163 prima
1744 2096 1800 2148 ﬁ-

260 2209 478 2272 guratus
504 2208 606 2254 est.
651 2197 872 2251 Decebat
901 2195 1065 2256 cnim,
1100 2203 1152 2246 ut
1178 2190 1265 2261 qui
1298 2190 1523 2259 majores
1561 2187 1721 2255 gradu
1752 2186 1801 2238 in

262 2305 490 2360 corpore
545 2288 736 2341 summi
789 2283 1101 2346 sacerdotis,
1160 2282 1260 2334 hoc
1315 2288 1395 2332 cst
1457 2280 1507 2331 in
1573 2274 1802 2329 Ecclesia

260 2382 480 2443 Christi,
509 2387 662 2434 erant
692 2375 869 2438 iutnri,
926 2372 1285 2427 sublimiorem
1331 2369 1381 2421 in
1428 2367 1606 2419 lrihitu
1646 2364 1801 2432 typici

260 2468 527 2541 pontiﬁcis
554 2469 723 2521 locum
747 2464 917 2532 typice
943 2460 1215 2515 haberent.
1244 2457 1429 2509 Verum
1454 2453 1496 2507 si
1519 2456 1636 2519 quis
1666 2452 1806 2519 ipsos

261 2561 421 2615 etiam
454 2569 702 2611 numerus
726 2553 998 2618 utriusque
1026 2547 1223 2602 ordinis
1245 2544 1464 2616 mystice
1496 2541 1608 2593 vult
1648 2541 1807 2593 inter-

263 2652 487 2722 pretari,
514 2648 787 2703 duodecim
818 2638 1052 2713 gemmas
1092 2644 1265 2695 Aaron
1297 2640 1346 2694 in
1379 2649 1587 2707 pectore
1625 2634 1808 2706 pracfe-

265 2731 524 2804 rehat,'ut
552 2738 869 2806 signiﬁcaret
917 2744 1120 2801 tempus
1170 2732 1365 2783 instare
1412 2729 1661 2790 luturum,
1706 2738 1810 2792 quo

266 2830 398 2884 ﬁdes
445 2838 638 2881 sanetae
685 2825 956 2879 Trinitatis
996 2823 1047 2874 in
1093 2820 1334 2874 omnibus
1382 2818 1620 2887 quadrati
1663 2816 1806 2871 orbis

266 2919 500 2989 partibus
558 2916 736 2986 generi
786 2915 1014 2967 lmmano
1066 2911 1474 2980 praedicaretur;
1513 2910 1595 2962 vel
1641 2918 1806 2970 certe,

184 3051 188 3054 ι
263 3010 398 3065 sicut
418 3018 470 3063 et
497 3023 652 3075 supra
694 3004 995 3069 docuimus,
1019 3001 1293 3055 duodecim
1324 3013 1580 3067 gemmas,
1613 2998 1661 3050 id
1708 3008 1809 3060 ρει,

266 3112 349 3155 ter
373 3110 650 3167 quaternas
678 3095 933 3161 gestabat,
961 3101 1017 3144 ut
1065 3106 1247 3145 omnes
1288 3090 1596 3143 admoneret
1623 3087 1808 3141 docto-

266 3205 356 3245 res
380 3204 536 3258 opera
563 3186 780 3257 justitia:
801 3199 920 3253 qua:
950 3193 1173 3249 quatuor
1197 3180 1471 3235 virtutibus
1503 3177 1807 3247 principali~

266 3292 350 3335 ter
377 3275 916 3345 comprehenduntur,
944 3272 1100 3329 simul
1128 3288 1242 3326 cum
1268 3271 1370 3325 ﬁde
1396 3271 1647 3334 veritatis,
1689 3284 1805 3337 qua:

269 3372 323 3426 in
366 3370 622 3425 Trinitate
660 3375 760 3428 est,
803 3375 857 3420 et
908 3366 1050 3432 ipsos
1100 3363 1295 3417 habere
1348 3375 1573 3428 semper,
1609 3369 1659 3412 ct
1702 3359 1811 3413 suis

265 3457 645 3514 commendare
687 3453 981 3524 discipulis.
1015 3451 1261 3507 Portabat
1279 3458 1332 3505 et
1353 3450 1677 3518 septuaginta
1708 3450 1817 3501 duo

267 3548 611 3603 tintinnabula
648 3560 826 3609 aurea,
878 3559 996 3597 cum
1045 3542 1259 3595 totidem
1314 3540 1463 3594 malis
1505 3539 1723 3607 punicis,
1756 3549 1813 3591 ut

265 3637 570 3694 ostenderet
590 3634 828 3706 mystice,
851 3631 988 3701 quod
1020 3630 1202 3685 eadem
1227 3630 1351 3684 lfdcs
1386 3638 1437 3683 et
1480 3629 1715 3695 Operatio
1731 3628 1814 3696 ju-

263 3726 426 3780 stitite
465 3723 765 3777 universum
804 3729 943 3773 esset
969 3718 1220 3771 mundum
1254 3718 1320 3770 ab
1368 3732 1605 3770 errorum
1658 3725 1808 3770 tene-

265 3818 380 3874 bris
400 3816 463 3870 ad
488 3830 664 3869 veram
698 3814 864 3866 lucem
895 3810 1231 3878 perductura.
1263 3807 1392 3861 Tres
1432 3823 1655 3873 namque
1699 3808 1809 3860 dies

264 3922 334 3963 ac
355 3915 535 3959 noctes
560 3902 752 3957 habent
780 3901 938 3955 horas
963 3899 1288 3967 septuaginta
1318 3898 1467 3950 duas.
1498 3897 1559 3950 lit
1586 3897 1704 3965 quia
1729 3896 1807 3949 sol

270 3999 374 4052 iste
415 3995 658 4058 visibilis,
704 4006 894 4046 omnes
941 3990 1120 4044 mundi
1169 3998 1341 4055 partes
1385 3988 1439 4041 in
1485 3989 1809 4056 sep'uaginta

268 4085 478 4140 duabus
505 4082 646 4137 horis
675 4096 833 4149 supra
862 4078 1098 4148 infraque
1127 4077 1394 4132 lustranda
1419 4076 1584 4130 tribus
1610 4076 1812 4129 vicibus

268 4175 497 4239 circuit;
528 4185 649 4241 apte
671 4172 758 4225 hic
779 4185 1032 4225 numerus
1056 4168 1519 4223 tintinnabulorum
1569 4177 1620 4222 et
1650 4168 1814 4220 malo-

271 4272 390 4318 rum
414 4259 611 4316 diversi
640 4261 858 4325 coloris,
893 4259 1082 4313 tunicae
1113 4257 1374 4327 pontiﬁcis
1401 4257 1596 4310 inditus
1622 4266 1723 4318 est,
1749 4256 1812 4308 ad

275 4355 572 4412 docendum
598 4356 836 4423 ﬁgurate,
862 4352 999 4420 quod
1023 4350 1109 4404 Sol
1134 4350 1351 4418 justitia:
1368 4348 1606 4402 Christus
1635 4347 1813 4399 orbem

274 4457 418 4503 esset
443 4444 828 4499 illuminaturus
854 4441 1178 4505 universum,
1216 4440 1368 4506 eique
1396 4437 1592 4490 donum
1627 4436 1815 4504 prtehia

275 4551 444 4599 turus,
470 4543 523 4588 et
546 4547 683 4587 verre
710 4530 847 4594 ﬁdei,
878 4544 995 4595 qua:
1016 4540 1095 4583 est
1142 4528 1196 4581 in
1238 4526 1502 4596 agnitione
1530 4538 1583 4580 et
1608 4527 1813 4581 confes-

274 4629 427 4682 sione
454 4628 651 4680 sanctas
675 4620 968 4683 Trinitatis,
1031 4629 1085 4673 et
1130 4619 1283 4673 bonae
1325 4618 1670 4686 operationis,
1705 4633 1821 4686 qum

279 4721 334 4775 in
362 4710 622 4769 variarum
648 4712 777 4767 ﬁore
797 4721 874 4765 est
906 4725 967 4764 ac
1013 4710 1295 4779 splendore
1322 4710 1594 4763 virtutum.
1632 4706 1827 4763 PoSsu-

261 4818 396 4862 mus
426 4820 551 4859 sane
580 4803 632 4857 in
690 4802 1015 4856 duodenario
1061 4817 1279 4856 numero
1306 4816 1630 4871 gemmarum
1665 4800 1823 4853 ratio-

277 4897 414 4953 nalis
464 4894 620 4949 etiam
671 4891 771 4945 hoc
824 4892 1118 4959 intelligere
1161 4892 1447 4960 ﬁguraliter
1484 4905 1819 4959 expressum,

278 4984 420 5057 quod
474 4984 610 5038 idem
658 4980 750 5035 Sol
803 4979 1017 5048 justitia:
1092 4991 1276 5033 cuncta
1345 4991 1520 5034 nostra
1567 4990 1823 5045 tempora,

281 5084 503 5132 cunctas
528 5072 670 5127 orbis
697 5070 863 5124 nostri
889 5070 1062 5138 plagas
1083 5084 1173 5121 sua
1205 5080 1343 5123 esset
1363 5071 1476 5123 luce
1499 5071 1821 5138 repleturus;

282 5168 337 5220 in
360 5163 659 5231 exemplum
681 5162 807 5215 solis
846 5158 1116 5223 mundani,
1142 5158 1230 5227 qui
1270 5174 1362 5226 per
1403 5174 1611 5213 menses
1632 5159 1828 5213 duode—

281 5256 387 5309 cim
416 5251 721 5320 signiferum
760 5250 983 5303 lustrare
1020 5248 1292 5309 circulum,
1324 5256 1378 5298 et
1422 5256 1584 5301 totum
1626 5249 1827 5301 ambire

282 5341 536 5399 mundum
561 5342 857 5396 consuevit.
888 5340 1015 5393 Nam
1042 5337 1217 5392 ethoc
1245 5336 1383 5404 quod
1424 5344 1650 5404 quatuor
1682 5338 1825 5390 ordi-

285 5446 381 5488 nes
416 5432 469 5484 in
521 5429 761 5483 rationali
805 5439 983 5485 ternos
1033 5428 1290 5481 habebant
1314 5424 1531 5492 lapides,
1583 5426 1828 5494 congruit

257 5517 407 5578 'auni
435 5519 684 5573 vertentis
703 5518 897 5583 ordini,
936 5518 1025 5588 qui
1052 5532 1142 5585 per
1166 5525 1577 5569 ternosmenses
1606 5515 1656 5568 in
1699 5531 1830 5583 qua-

286 5619 407 5664 tuor
434 5616 670 5674 tempora
703 5607 1057 5676 distinguitur.
1090 5604 1296 5658 Annum
1318 5612 1492 5656 autem
1520 5605 1571 5657 in
1597 5604 1833 5671 Scriptu-

289 5701 365 5755 ri.
390 5697 565 5753 vocari
602 5706 765 5752 totum
794 5698 892 5752 hoc
919 5698 1102 5751 salutis
1130 5705 1321 5749 nostra:
1346 5702 1572 5759 tempus,
1602 5710 1706 5763 quo
1737 5710 1831 5763 pro

290 5800 487 5846 aeterna
520 5788 862 5845 retributione
887 5795 1167 5850 certamus,
1194 5792 1412 5839 testatur
1440 5784 1549 5851 ipse
1569 5784 1830 5849 Salvator,

1849 4553 1898 4612 Ι)

1902 2002 2289 2070 prtecmineret,
2320 2013 2371 2055 et
2414 2002 2556 2056 velut
2602 2011 2779 2055 cuncta
2832 1999 3160 2055 sanctiﬁcans
3198 1999 3441 2053 eximiam

1903 2093 1953 2146 in
1978 2093 2091 2161 t'jllS
2126 2094 2295 2147 fronte
2325 2094 2504 2146 sedem
2532 2100 2751 2146 teneret.
2781 2091 3048 2159 Signiﬁcat
3079 2099 3249 2142 autem
3280 2090 3441 2156 ipsam

1905 2184 2242 2251 professionis
2279 2191 2471 2237 nostrae
2508 2183 2769 2246 ﬁduciam,
2803 2196 2956 2250 quam
3001 2181 3053 2235 in
3076 2180 3243 2234 l’ronle
3271 2193 3442 2247 porta-

1906 2286 2045 2337 mus,
2096 2271 2329 2324 diccntes
2377 2270 2563 2338 singuli
2602 2284 2721 2324 cum
2760 2270 3052 2337 Apostolo:
3109 2267 3237 2320 Mihi
3280 2277 3443 2319 autem

1906 2360 2032 2412 absit
2056 2361 2286 2429 gloriari,
2312 2360 2407 2412 nisi
2434 2361 2485 2412 in
2514 2374 2658 2413 cruce
2690 2357 2895 2412 Domini
2918 2359 3073 2411 nostri
3104 2356 3226 2410 Jcsu
3251 2357 3446 2427 .Clm‘su

1908 2450 2048 2517 (Gal.
2079 2450 2171 2518 vi).
2200 2451 2262 2503 Et
2284 2460 2422 2503 recte
2448 2450 2546 2503 hoc
2568 2467 2725 2503 unum
2761 2452 2809 2503 in
2841 2460 2949 2503 toto
2981 2449 3238 2518 pontiﬁcis
3269 2450 3442 2502 habitu

1906 2537 1971 2591 de
2012 2553 2141 2590 auro
2166 2548 2244 2591 est
2298 2538 2411 2590 solo
2460 2540 2670 2598 factum,
2705 2549 2757 2590 ιιι
2787 2538 3091 2591 munditiam
3136 2537 3309 2590 cordis
3338 2536 3447 2589 sive

1908 2627 2163 2694 corporis,
2212 2628 2262 2680 in
2293 2640 2392 2693 qna
2437 2624 2691 2693 mysteria
2732 2623 3101 2691 redemptionis
3147 2632 3335 2675 nostra:
3366 2638 3446 2675 re-

1914 2715 2141 2771 cendere
2167 2717 2244 2769 vel
2272 2726 2477 2783 gestare
2508 2716 2813 2779 debeamus,
2837 2715 3158 2768 ostenderet.
3185 2710 3274 2765 Vel
3303 2720 3446 2765 certe

1911 2822 2037 2861 auro
2063 2807 2368 2874 inscriptum
2403 2809 2452 2860 in
2484 2809 2654 2861 fronte
2682 2807 2929 2862 sacerdos
2958 2814 3194 2861 sanctum
3236 2805 3442 2859 Domini

1910 2907 2104 2965 gestat,
2132 2892 2187 2949 ui
2212 2897 2443 2950 insinuet
2469 2899 2688 2967 mystice
2729 2897 2865 2967 quod
2908 2897 2977 2951 ita
3019 2900 3313 2965 passionem
3345 2895 3446 2948 Do-

1911 2986 2037 3038 mini
2063 2998 2113 3038 et
2137 2984 2419 3039 Salvatoris
2446 2987 2633 3051 nostri,
2669 3001 2758 3054 per
2786 3001 2939 3056 quam
2955 2967 3219 3053 iredempti
3242 3000 3447 3044 sumus,

1916 3074 2176 3139 venerari,
2205 3085 2255 3128 et
2284 3077 2524 3141 amplecti
2570 3074 2844 3141 debemus,
2875 3082 2931 3128 ut
2969 3074 3254 3128 claritatem
3282 3073 3331 3126 in
3362 3072 3449 3124 illo

1912 3165 2099 3219 divinae
2143 3165 2448 3234 majestatis,
2485 3182 2576 3233 per
2600 3182 2754 3234 quam
2784 3166 2945 3221 creati
2992 3180 3195 3232 smnus,
3257 3164 3447 3231 pariter

1840 3226 1885 3288 ο
1916 3256 2266 3309 conﬁtendum
2295 3270 2412 3309 esse
2438 3256 2743 3311 noverimus
2773 3273 2789 3311 :
2820 3258 2889 3311 ita
2920 3267 3139 3311 mortem
3171 3268 3451 3319 assumpto

1910 3347 1975 3398 ab
2004 3346 2092 3399 illo
2122 3345 2459 3400 humanitatis
2488 3347 2724 3401 conﬁteri
2748 3388 2761 3412 ,
2807 3357 2866 3401 ιιι
2903 3347 3142 3402 eamdem
3189 3360 3307 3400 mox
3357 3344 3451 3398 hu-

1913 3436 2216 3491 manitatem
2272 3437 2323 3489 in
2378 3445 2627 3491 aeternam
2673 3437 2739 3491 de
2791 3446 2959 3490 morte
3004 3435 3219 3504 gloriam
3264 3448 3444 3487 resur-

1910 3528 2110 3583 rexisse
2131 3528 2403 3580 fateamur.
2427 3525 2675 3579 Sanctum
2692 3534 2864 3581 autem
2890 3525 3109 3588 Domini,
3134 3523 3271 3591 quod
3299 3524 3349 3576 in
3378 3523 3453 3576 la-

1910 3622 2049 3673 mina
2076 3618 2238 3684 sculpi
2260 3617 2490 3687 jubetnr,
2525 3631 2712 3670 nomen
2755 3616 2867 3691 ejus
2898 3625 3135 3671 sanctum
3156 3624 3209 3670 et
3237 3629 3425 3668 veucra

1914 3710 2019 3761 bile
2040 3706 2297 3776 signiﬁcat
2326 3724 2339 3770 ;
2368 3706 2507 3773 quod
2530 3706 2667 3774 apud
2720 3705 2973 3762 llebr-tcos
3019 3717 3239 3775 quatuor
3265 3692 3454 3761 litteris

1916 3797 2186 3849 vocalibus
2215 3797 2373 3849 scribi
2403 3796 2561 3861 solet,
2597 3798 2695 3850 hoc
2722 3807 2800 3851 est
2823 3805 2939 3856 mm
2962 3796 3112 3864 cujus
3142 3798 3454 3863 interpreta-

1914 3888 1986 3939 tio
2018 3885 2189 3953 lingua
2218 3898 2399 3938 eorum
2426 3883 2688 3938 ineﬁ‘abile
2717 3892 2887 3949 sonat,
2922 3898 3024 3937 non
3048 3884 3165 3952 quia
3196 3884 3296 3936 dici
3354 3898 3454 3947 non
3500 3870 3509 3879 ’

1914 3985 2104 4045 potest,
2148 3974 2239 4028 sed
2268 3976 2387 4040 quia
2439 3974 2574 4026 ﬁniri
2624 3988 2779 4028 sensu
2810 3981 2864 4027 et
2891 3974 3152 4027 intellectu
3193 3983 3452 4027 creatnrte

1915 4067 2102 4121 nullius
2132 4074 2320 4135 potest.
2359 4064 2415 4118 Et
2448 4065 2567 4133 quia
2621 4064 2747 4121 nihil
2790 4064 2853 4116 de
2882 4078 2947 4116 eo
2989 4063 3115 4115 satis
3144 4064 3299 4130 digne
3346 4062 3466 4114 dici.

1916 4166 2110 4225 potest,
2129 4156 2246 4209 ideo
2267 4153 2539 4208 ineﬂabtlis
2559 4155 2847 4206 rectissime
2874 4159 3109 4214 vocatur,
3132 4151 3278 4217 juxta
3315 4151 3439 4203 illttd

1925 4244 2157 4310 Apostoli
2185 4260 2196 4294 :
2231 4243 2294 4295 Et
2322 4257 2423 4309 pax
2454 4240 2565 4303 Dei,
2590 4254 2702 4308 (μίαν
2728 4248 2988 4307 exsttperat
3015 4255 3207 4291 onmem
3236 4254 3459 4303 sensum,

1925 4333 2173 4385 custodiat
2212 4333 2367 4383 corda
2418 4340 2579 4383 vestra
2601 4327 2763 4398 (Phil.
2791 4330 2890 4396 tv).
2927 4327 2989 4380 Et
3016 4327 3306 4384 Psalmista:
3342 4327 3461 4381 lla.

1924 4441 2072 4494 gnua,
2103 4424 2288 4492 inquit,
2310 4420 2574 4487 Dominus,
2609 4420 2939 4473 etluudabilis
2963 4420 3131 4485 nimis,
3147 4430 3194 4474 et
3216 4422 3462 4489 magnitu-

1929 4515 2062 4568 dinis
2090 4516 2196 4583 ejus
2213 4531 2309 4567 non
2337 4514 2537 4581 cstﬁnis
2557 4510 2774 4582 (Psalm.
2794 4510 2989 4579 cxuv).
3017 4512 3079 4563 Et
3098 4510 3462 4576 beneqnatuor

1929 4606 2116 4661 litteris
2148 4606 2283 4659 idem
2312 4619 2499 4657 nomen
2533 4602 2735 4656 Domini
2766 4600 2816 4652 in
2844 4600 3013 4654 fronte
3056 4598 3313 4665 pontiﬁcis
3354 4610 3464 4650 crat

1931 4698 2182 4761 scriptum
2213 4713 2227 4759 ;
2261 4706 2474 4761 propter
2518 4693 2759 4746 videlicet
2816 4687 3217 4757 signiﬁcantiam
3250 4687 3465 4739 totidem

1929 4788 2150 4857 partium
2194 4783 2469 4838 dominicae
2493 4783 2683 4846 crocis,
2713 4796 2868 4847 quam
2908 4778 2960 4832 itt
2992 4777 3162 4831 fronte
3211 4779 3461 4845 portaturi

1927 4890 2158 4939 eramus,
2194 4874 2294 4928 hoc
2333 4881 2415 4925 est
2470 4885 2791 4937 supremam,
2841 4869 3107 4935 dextram,
3157 4868 3339 4921 larvam
3414 4879 3462 4920 et

1928 4970 1944 5024 i
1985 4967 2176 5022 limam.
2232 4963 2357 5017 Item
2387 4971 2624 5016 sanctum
2673 4958 3053 5021 Dominiauro
3100 4961 3358 5028 sculplum
3415 4959 3467 5011 in

1932 5061 2102 5115 fronte
2171 5067 2459 5125 portamus,
2526 5054 2736 5118 quando
2788 5053 3058 5120 expurgati
3122 5066 3151 5105 a
3218 5052 3465 5107 sordibus

1932 5151 2197 5213 vitiorum,
2247 5159 2366 5213 qua:
2413 5160 2475 5198 ex
2527 5143 2697 5212 primo
2745 5152 2961 5211 parente
3014 5142 3309 5205 habuimus,
3344 5142 3461 5192 ima-

1930 5244 2103 5312 ginem
2132 5248 2187 5293 et
2237 5237 2633 5292 similitudinem
2661 5235 2828 5289 nostri
2858 5233 3179 5296 Conditoris,
3221 5235 3284 5283 ad
3310 5248 3465 5299 quant

1937 5330 2097 5387 creati
2154 5340 2357 5394 sumus,
2414 5327 2464 5379 in
2511 5325 2663 5380 nobis
2713 5325 3027 5394 recipimus;
3080 5332 3133 5375 et
3200 5321 3333 5374 hanc
3374 5336 3465 5375 nos

1933 5420 2192 5487 recepisse
2215 5432 2317 5470 non
2346 5416 2397 5468 in
2421 5426 2622 5471 secreto
2651 5416 2898 5473 celamus.
2924 5412 3014 5466 sed
3061 5412 3265 5465 cunctis
3300 5413 3467 5478 palam

1935 5510 2102 5571 iactis,
2152 5515 2204 5559 et
2245 5520 2372 5559 voce
2403 5506 2808 5573 promulgaruns,
2840 5501 2985 5570 juxta
3010 5501 3136 5554 illud
3178 5500 3413 5567 Apostoli
3447 5513 3462 5549 :

1937 5600 2080 5654 Siuu
2111 5594 2416 5665 portavimus
2460 5593 2724 5661 imaginem
2747 5591 2949 5654 terreni,
2981 5600 3227 5658 portemus
3252 5598 3296 5640 ct
3340 5587 3461 5638 imit-

1936 5692 2098 5760 ginem
2144 5684 2353 5739 cwlestt's
2383 5680 2435 5750 (_I
2465 5681 2562 5733 Cor
2609 5682 2716 5749 xv).
2750 5680 2897 5747 Quod
2926 5682 3139 5748 loquens
3171 5676 3236 5729 ad
3274 5675 3461 5728 Colnso

1936 5792 2112 5833 scnses
2142 5778 2372 5841 apertius
2398 5772 2636 5837 i-xpliCaI,
2682 5770 2895 5824 dicens:
2936 5769 3081 5822 Nunc
3109 5776 3270 5819 autem
3316 5768 3459 5831 ὠμο-
