3898 6260
474 358 576 411 179

962 350 1162 426 BEDA‘Z
1204 347 1642 403 \‘ENERABILIS
1681 341 1955 406 ορειιωι
1997 338 2168 395 PARS
2203 337 2267 392 ll.
2417 336 2803 416 EXEGETICA
2845 335 3164 426 GE‘XUINA.

3571 334 3693 391 ιε(

476 449 577 495 nite
625 454 670 495 et
714 457 798 494 τοι
840 456 1034 492 onmem
1078 424 1231 501 iram,
1269 438 1682 507 indignationem,
1742 432 2012 489 malitiam,
2045 431 2093 487 Δ
2118 427 2324 480 animus
2370 427 2532 494 ipsius
2576 439 2784 492 semper
2820 425 3251 486 divininominis
3298 425 3368 479 sit
3413 424 3692 480 memoria

479 531 856 599 blasphemiam,
885 517 1077 589 turpem
1107 541 1382 579 sermonem
1429 526 1491 576 de
1535 539 1619 575 ore
1647 531 1830 587 oestro,
1874 517 2023 570 nolite

481 619 673 671 mentiri
697 618 925 680 invicem,
947 615 1283 682 exspotiantes
1311 621 1519 665 ueterem
1540 609 1789 662 hominem
1809 621 1923 659 cum
1943 619 2024 657 ao-

483 706 613 757 tibus
640 705 772 771 ejus,
795 713 842 755 et
867 702 1058 754 induite
1076 717 1160 753 vos
1187 714 1392 763 novum,
1423 713 1534 750 eum
1558 696 1646 764 qui
1685 702 1949 746 renovatur
1970 691 2022 744 in

484 796 786 862 agnitionem
814 790 1083 844 secundum
1120 789 1387 855 imaginem
1425 788 1537 855 ejus
1563 780 1648 851 qui
1694 774 1873 836 necuit
1914 795 2025 832 eum

487 882 700 949 (Coloss.
733 884 831 946 nt).
865 881 936 933 De
962 894 1063 944 quo
1088 879 1329 931 videlicet
1352 883 1534 929 sancto
1558 873 1759 928 Domini
1788 881 1840 924 et
1869 870 2026 923 Joan-

486 985 578 1024 nes
629 971 678 1021 in
726 969 1034 1036 Apocalylsi
1080 967 1296 1019 scibit:
1339 964 1472 1026 Vidi,
1515 962 1773 1031 inquiens,
1829 961 2026 1028 Agnum

486 1069 694 1112 stantem
715 1075 866 1126 supra
889 1066 1102 1109 montem
1135 1055 1281 1117 Sion,
1306 1066 1350 1107 et
1398 1069 1510 1106 cum
1557 1068 1615 1105 eo
1658 1062 1859 1103 centum
1905 1065 2028 1113 qua-

486 1150 716 1216 draginta
780 1159 996 1214 quatuor
1055 1147 1213 1198 millia
1280 1144 1511 1196 habentes
1565 1157 1742 1193 nomen
1802 1142 1931 1210 ejus,
1985 1148 2030 1190 et

498 1253 677 1289 nomen
754 1237 924 1288 Putris
997 1237 1105 1305 ejus
1170 1239 1411 1300 scriptum
1508 1234 1557 1283 in
1622 1227 1867 1298 frontibus
1926 1228 2030 1280 suis

496 1328 673 1392 (Apoc.
702 1325 831 1394 xiv).
858 1325 954 1388 Qui
1005 1337 1183 1377 rursus
1224 1322 1513 1376 claritatem
1562 1333 1804 1385 superna:
1851 1317 2032 1385 patria:

495 1410 818 1473 describens,
846 1412 919 1462 ait
948 1428 960 1437 ’
994 1409 1055 1461 Et
1083 1409 1222 1462 sedes
1271 1408 1365 1459 Dei
1389 1419 1435 1460 et
1461 1407 1590 1476 Agni
1612 1408 1663 1458 in
1693 1406 1782 1456 illa
1802 1411 1967 1466 erunt,
1988 1412 2035 1455 et

493 1500 620 1552 servi
645 1504 753 1569 ejus
774 1501 980 1551 servient
1010 1501 1105 1561 illi,
1146 1509 1193 1550 et
1243 1498 1472 1552 ridebunt
1497 1499 1674 1566 {aciem
1704 1499 1837 1564 ejus,
1863 1504 1910 1547 et
1935 1508 2038 1548 no-

500 1603 610 1639 men
639 1589 751 1657 ejus
780 1589 830 1640 in
862 1587 1107 1657 frontibus
1133 1603 1303 1640 eorum
1356 1588 1538 1652 (Apoc.
1561 1584 1719 1661 till)...
1750 1582 1880 1637 Cum
1913 1597 2038 1650 ergo

497 1674 632 1727 idem
658 1690 844 1728 nomen
873 1674 1239 1728 sacratissinim
1263 1672 1612 1726 venerationis
1632 1685 1817 1726 omnes
1832 1673 2033 1739 Agnum

2119 514 2386 582 pra-ditus,
2415 523 2536 583 apte
2560 516 2887 584 subjungitur
2913 531 2926 566 :

2190 603 2307 656 Erit
2335 615 2503 657 autem
2546 603 2737 657 lamina
2782 620 2980 669 semper
3024 605 3076 655 in
3117 604 3283 670 [route
3319 604 3454 672 ejus,
3484 612 3592 656 etc.
3628 601 3694 656 Si

2120 691 2258 747 enim
2289 693 2479 747 lamina
2509 692 2717 746 nomine
2737 691 2945 746 Domini
2971 695 3162 758 scripta
3183 683 3398 759 semper
3427 691 3593 745 luerit
3629 691 3691 744 in

2121 781 2291 836 fronte
2321 787 2516 846 Aaron,
2547 783 2831 847 placabitur
2867 782 2990 836 ﬁliis
3029 782 3188 834 Israel
3232 766 3522 852 Dominus;
3554 780 3688 848 quia

2123 884 2243 924 cum
2264 872 2464 938 doctor
2501 873 2613 938 ipse
2643 870 2868 943 ﬁdeliter
2895 886 2952 925 e
2976 870 3150 922 divino
3176 870 3398 922 servitio
3439 883 3692 937 puraque

2127 968 2302 1014 mente
2329 960 2640 1024 subdidi-rit,
2674 974 2795 1013 mox
2823 959 2980 1013 etiam
3009 958 3202 1012 subditi
3228 959 3486 1026 exemplis
3519 959 3689 1017 illius,

2126 1065 2187 1102 ac
2217 1049 2427 1102 monitis
2467 1049 2691 1112 acaansi,
2720 1060 2772 1103 et
2815 1049 2912 1115 ipsi
2956 1059 3098 1103 recte
3125 1050 3320 1113 vivere,
3347 1051 3692 1118 gratiamque

2129 1137 2316 1191 interni
2343 1141 2631 1206 aspectoris
2657 1138 2943 1206 promereri
2970 1147 3228 1207 satagunt.

2710 1225 2926 1280 IIAPUT
2968 1224 3098 1278 VIII.

2565 1315 2755 1368 Tunica
2781 1315 2978 1383 byssina
3003 1325 3048 1368 et
3076 1316 3224 1367 tiara.

2203 1404 2524 1473 Stringesque
2543 1406 2684 1474 bysso
2712 1406 2949 1459 tunicam.
2974 1404 3095 1457 Hoc
3117 1413 3200 1457 est
3228 1404 3402 1456 tunim
3438 1403 3689 1466 interior,

2135 1511 2289 1561 quam
2312 1511 2464 1562 supra
2493 1495 2683 1548 lineam
2717 1492 2948 1548 strictam
2980 1502 3262 1560 nuncupat.
3295 1495 3470 1556 Quare
3502 1502 3693 1545 autem

2139 1585 2276 1639 linea
2317 1587 2498 1639 stricta
2526 1584 2594 1637 sit
2620 1584 2778 1646 dit-ta,
2807 1583 2886 1636 vel
2915 1585 3069 1652 bysso
3094 1583 3278 1650 stringi
3325 1582 3691 1650 praecipiatur,

2138 1677 2242 1743 jam
2284 1677 2523 1744 superius
2554 1677 2845 1742 expositum
2885 1685 2994 1737 est,
3024 1684 3076 1728 et
3109 1688 3246 1727 nunc
3291 1673 3690 1740 adjiciendum;

500 1775 798 1835 sequentes,
841 1767 938 1818 hoc
959 1773 1057 1828 est,
1097 1766 1326 1817 universi
1352 1765 1549 1829 ﬁdeles,
1572 1763 1622 1815 in
1648 1762 1756 1831 ipsa
1784 1776 1892 1814 suae
1918 1775 2039 1826 pro-
2067 1735 2116 1794 Β
2142 1763 2260 1831 quia
2287 1763 2457 1828 solent
2482 1762 2676 1816 milites
2706 1765 2897 1817 habere
2943 1762 3128 1826 lineas,
3160 1776 3289 1830 quas
3315 1761 3571 1814 camisias
3603 1775 3696 1812 vo-

505 1854 747 1905 lessionis
787 1853 957 1907 fronte
995 1854 1218 1907 debeant
1257 1853 1482 1915 habere;
1514 1861 1708 1919 quanto
1743 1850 1906 1919 magis
1938 1864 2042 1904 ne-

500 1955 650 1993 cesse
678 1949 757 1994 est
794 1956 882 1993 eos
907 1942 1015 2009 qui,
1041 1953 1259 2006 accepto
1291 1938 1597 2004 sacerdotio
1623 1954 1684 1992 ac
1738 1925 2043 2009 magisterio

501 2027 780 2090 spirituali,
827 2028 1072 2082 ducatum
1135 2027 1606 2101 gregisjdominici
1671 2027 1842 2082 sortiti
1898 2034 2040 2094 sunt,

506 2119 802 2183 exemplum
847 2119 1053 2172 virtutis
1102 2121 1344 2174 omnibus
1397 2121 1448 2173 in
1501 2120 1676 2186 seipso
1718 2118 2044 2173 ostendere?

512 2203 727 2275 Ligatur
753 2218 926 2258 autem
958 2208 1168 2273 lamina,
1201 2225 1320 2276 quae
1367 2221 1608 2262 sanctum
1644 2206 1846 2261 Domini
1877 2205 2046 2259 conti-

511 2304 616 2358 net,
645 2296 768 2347 vitta
791 2295 1129 2363 hyacinthina
1159 2311 1278 2350 cum
1303 2299 1432 2350 tiara
1475 2296 1737 2365 pontiﬁcis
1761 2313 1775 2360 ;
1803 2310 1923 2348 cum
1954 2309 2048 2362 spe

513 2385 807 2437 caelestium
841 2386 1120 2450 bonorum,
1150 2402 1304 2454 quam
1337 2387 1647 2457 hyacinthus
1678 2387 1962 2454 signiﬁcat,
1994 2385 2044 2437 in

512 2471 611 2523 ﬁde
632 2471 1009 2534 contortamur,
1033 2482 1087 2526 et
1102 2489 1165 2527 eo
1187 2476 1379 2528 arctius
1404 2475 1486 2529 vel
1506 2483 1829 2527 sacramenta
1855 2483 2049 2525 nostra:

509 2558 904 2627 redemptionis,
936 2563 1012 2614 vel
1047 2562 1328 2631 imaginem
1353 2577 1414 2616 ac
1449 2560 1850 2615 similitudinem
1883 2559 2049 2612 nostri

506 2647 807 2700 Conditoris
827 2665 885 2701 ac
909 2649 1273 2715 Redemptoris
1298 2652 1666 2704 intemeratum
1695 2663 1905 2703 servare
1920 2663 2052 2702 con-

514 2737 791 2799 tendimus,
818 2751 922 2801 quo
956 2738 1152 2790 nullum
1179 2751 1297 2791 esse
1315 2739 1453 2792 aliud
1472 2739 1656 2791 salutis
1679 2739 1777 2791 iter
1803 2736 2053 2805 cognovi-

511 2837 646 2876 mus.
677 2823 748 2874 lle
773 2825 932 2892 ﬁgura
963 2825 1108 2890 tiara:
1132 2828 1182 2880 in
1205 2829 1542 2893 sequentibus
1564 2828 1661 2880 suo
1690 2827 1805 2902 loco
1827 2825 2050 2878 dicetur.

515 2911 723 2975 Verum,
747 2915 864 2979 quia
887 2916 1131 2968 sacerdos
1152 2916 1612 2979 tantmindustrim,
1639 2916 1754 2969 talis
1769 2929 1883 2970 esse
1900 2915 2055 2971 debet

509 3004 679 3056 meriti
703 3005 834 3071 apud
852 3002 1038 3068 Deum,
1063 3006 1148 3071 qui
1182 3013 1386 3069 peccata
1411 3005 1582 3072 pOpuli
1608 3020 1696 3058 sua
1724 3005 2050 3058 exhortatio-

515 3110 602 3159 ne,
635 3094 1008 3159 increpatione,
1038 3093 1395 3148 admOuitione
1415 3095 1677 3162 corrigere
1697 3102 1749 3146 et
1775 3093 2051 3161 castigare,

515 3189 727 3252 suisque
756 3185 922 3238 valent
949 3184 1190 3251 precibus
1221 3185 1454 3247 abluere,
1483 3193 1628 3238 recte
1656 3182 1985 3250 subjungitur
2015 3199 2026 3233 :

586 3277 909 3347 Portabitque
924 3277 1090 3328 Aaron
1107 3276 1388 3343 iniquitates
1403 3289 1591 3339 eorum,
1608 3285 1708 3327 etc.
1725 3273 1900 3327 Poriat
1915 3287 2060 3325 nam-

515 3384 617 3435 que
646 3366 871 3435 pontifex
903 3365 1200 3434 iniquitates
1229 3363 1578 3428 subditorum,
1610 3361 1659 3414 id
1689 3369 1790 3425 est,
1818 3369 2058 3429 exportat

513 3466 568 3510 et
607 3460 794 3522 aul'ert,
821 3469 941 3506 eum
982 3463 1070 3506 aut
1099 3466 1191 3506 eos
1231 3452 1468 3504 docendo
1512 3449 1874 3516 paenitentiam
1917 3463 2062 3503 com-

518 3545 796 3596 missorum
846 3550 1124 3609 proi'ocat,
1166 3549 1256 3592 aut
1303 3554 1395 3605 pro
1443 3538 1812 3607 pmnitentibus
1859 3537 2062 3605 supplio

516 3633 688 3685 cando
729 3632 945 3699 gratiam
987 3630 1100 3697 ejus
1133 3630 1475 3697 just'rjudicis
1502 3629 1765 3682 conciliat.
1795 3628 1936 3681 Facit
1971 3642 2062 3679 au-

519 3731 626 3772 tem
659 3719 755 3772 hoc
796 3718 846 3771 in
897 3717 1195 3783 muneribus
1223 3725 1278 3770 et
1305 3717 1555 3780 donariis,
1586 3732 1701 3784 quae
1731 3717 1826 3781 ipsi
1855 3716 2062 3768 obtule-

519 3815 641 3859 runt
696 3805 935 3870 Domino,
979 3815 1034 3858 et
1080 3805 1573 3868 sanctiﬁcaverunt,
1623 3819 1741 3857 cum
1774 3819 1867 3873 pro
1914 3803 2065 3866 bonis

518 3894 765 3958 opuihns
809 3892 1062 3945 fructibus
1097 3893 1268 3958 dignis
1313 3893 1655 3960 paenitentiae,
1681 3893 1734 3944 id
1776 3880 2062 3956 estrelec-

521 3979 774 4046 m..syni.e,
804 3983 1112 4044 exterisque
1136 3979 1384 4043 operibus
1407 3979 1642 4044 justitite,
1667 3993 1785 4044 quae
1824 3981 2065 4042 fecerint,

525 4070 838 4132 juenitntites
866 4080 894 4117 a
927 4078 1070 4118 reatu
1098 4068 1374 4129 scelerum,
1399 4081 1512 4131 qum
1541 4067 1800 4132 quondam
1833 4078 2068 4134 patrave-

522 4161 666 4216 runt,
697 4155 939 4206 absolvit.
975 4154 1093 4207 llaec
1119 4155 1332 4221 quidem
1361 4157 1428 4207 ita
1454 4152 1679 4223 gerenda
1708 4157 1960 4209 institutio
1989 4157 2069 4209 di—

524 4243 667 4303 vina,
691 4250 746 4293 et
787 4242 837 4294 in
871 4242 1048 4294 habitu
1097 4244 1353 4308 pontiﬁcis
1382 4246 1600 4312 mystice
1647 4247 1902 4313 ﬁguravit,
1935 4256 1988 4300 et
2017 4250 2066 4302 in

2136 1864 2277 1917 cant,
2306 1853 2382 1907 sic
2414 1861 2575 1920 aptas
2605 1851 2871 1918 membris,
2910 1858 2965 1906 et
3013 1853 3226 1904 strictas
3269 1850 3610 1915 corporibus,
3639 1857 3698 1901 at

2139 1941 2367 2010 expediti
2407 1942 2535 2005 sint,
2564 1943 2643 1995 vel
2685 1943 2748 1992 ad
2791 1954 3024 2006 cursum,
3055 1939 3134 1993 vel
3179 1939 3244 1991 ad
3290 1938 3534 2005 pralium
3567 1937 3697 1990 diii-

2140 2032 2310 2100 geudo
2357 2031 2566 2100 jacula,
2615 2030 2839 2083 tenendo
2885 2030 3093 2099 clypeo,
3143 2043 3272 2083 ense
3322 2029 3594 2092 hbraudo,
3643 2039 3697 2082 et

2141 2132 2452 2187 quocunque
2493 2118 2774 2170 necessitas
2812 2117 3052 2179 traxerit;
3091 2118 3301 2185 qualem
3343 2126 3398 2170 et
3437 2115 3575 2169 Joab
3606 2118 3698 2168 hac

2145 2205 2323 2259 buisse
2354 2205 2561 2273 legitur,
2594 2205 2802 2271 quando
2846 2205 3090 2258 Amasam
3139 2206 3400 2259 interiecit
3451 2205 3536 2272 (ll
3569 2204 3695 2274 Reg.

2143 2293 2256 2361 xx),
2282 2302 2463 2347 strzcta
2507 2292 2703 2346 scilicet
2730 2292 2794 2345 ad
2837 2307 3134 2346 mensuram
3183 2292 3392 2345 habitus
3423 2292 3525 2343 sui.
3557 2291 3698 2360 Ergo

2144 2395 2197 2438 et
2222 2385 2523 2440 sacerdotes
2552 2386 2715 2452 parati
2755 2386 2806 2438 in
2851 2385 3202 2440 ministerium
3232 2385 3323 2439 Dei
3351 2394 3574 2440 utuntur
3602 2385 3698 2439 hac

2148 2476 2340 2536 tunica,
2369 2483 2425 2531 ut
2463 2473 2712 2526 habentes
2754 2473 3190 2542 pulchritudinem
3233 2477 3692 2538 vestimentorum,

2149 2559 2404 2614 tmdorum
2435 2561 2702 2614 celeritate
2723 2561 3038 2615 discurrant.
3069 2561 3186 2615 Haec
3206 2563 3400 2628 tunica,
3424 2563 3544 2627 quia
3567 2561 3698 2613 sicut

2153 2651 2486 2720 hyacinthina
2535 2649 2599 2703 ad
2649 2652 2809 2718 pedes
2854 2665 3018 2720 usque
3070 2650 3428 2720 pertingebat,
3477 2657 3532 2703 et
3587 2650 3696 2718 ipsa

2150 2742 2332 2795 Graece
2363 2726 2590 2809 poderis,
2621 2741 2672 2795 id
2701 2755 2802 2809 est,
2833 2744 3029 2804 talaria.
3056 2752 3233 2795 vocata
3277 2753 3390 2810 est,
3425 2745 3586 2810 cujus
3630 2742 3696 2796 si-

2151 2827 2414 2900 gniﬁcatio
2455 2833 2673 2902 mystica
2716 2833 2765 2884 in
2803 2839 3043 2898 promptu
3073 2839 3190 2884 est:
3223 2846 3344 2884 cum
3389 2832 3529 2885 enim
3576 2845 3697 2883 eon-

2152 2929 2276 2988 stet,
2308 2920 2415 2973 lino
2439 2921 2519 2973 vel
2551 2921 2707 2990 bysso
2733 2918 3103 2973 continentiam
3128 2928 3182 2974 et
3207 2921 3505 2974 castitatem
3537 2919 3697 2989 signi-

2157 3006 2299 3060 ﬁcari
2333 3007 2567 3076 corporis
2596 3008 2779 3071 nostri,
2798 3007 2945 3076 juxta
2971 3008 3109 3076 quod
3139 3008 3327 3075 sepius
3351 3012 3512 3075 supra
3537 3009 3696 3076 expli-

2156 3107 2331 3151 catum
2373 3106 2474 3161 est,
2505 3097 2741 3150 strictam
2773 3099 2961 3151 habent
2989 3097 3200 3164 lineam,
3227 3097 3350 3150 sive
3376 3098 3604 3151 tunicam
3631 3096 3694 3152 de

2162 3188 2320 3254 bysso
2345 3185 2666 3248 sacerdotes,
2694 3199 2811 3238 cum
2856 3187 3174 3252 propositum
3220 3184 3557 3255 continentiae
3600 3200 3694 3238 ne-

2160 3286 2417 3340 quaquam
2458 3272 2719 3326 enerviter
2744 3280 2799 3325 et
2841 3271 2980 3326 ﬂuxa
3024 3281 3202 3328 mente
3245 3273 3692 3349 custodiunt.q_5_ed

2163 3370 2304 3413 tanta
2337 3356 2549 3429 prorsus
2594 3360 2863 3428 instantis,
2891 3370 2948 3415 ut
2993 3362 3063 3415 nil
3107 3362 3229 3416 belli
3272 3362 3692 3431 concupiscibilis

2161 3463 2284 3502 caro
2317 3457 2496 3501 contra
2527 3446 2792 3514 spiritum,
2823 3457 2914 3500 aut
2938 3459 3119 3502 contra
3163 3463 3374 3503 Carnem
3405 3445 3551 3517 gerat
3590 3450 3692 3518 spi-

2164 3539 2312 3590 ritus.
2360 3535 2570 3590 Lineam
2613 3536 2804 3592 habent
2844 3533 3109 3606 strictam,
3139 3552 3257 3593 cum
3302 3540 3691 3609 concupissem

2161 3641 2225 3680 ac
2253 3615 2525 3680 deﬁciente
2567 3627 2870 3683 omnimode
2895 3629 3087 3692 anima,
3117 3629 3168 3697 in
3196 3628 3328 3682 atria
3374 3629 3578 3683 Domini
3611 3643 3691 3682 cor

2161 3715 2370 3769 illorum
2416 3716 2608 3784 pariter
2631 3728 2685 3770 et
2725 3732 2849 3771 caro
2886 3717 3026 3774 socia
3051 3717 3399 3788 germanitate
3435 3718 3691 3771 exsultant

2165 3806 2235 3858 in‘
2249 3807 2412 3860 Deum
2435 3807 2631 3858 vivum.
2669 3806 2788 3860 llaec
2814 3817 2987 3862 autem
3015 3808 3148 3862 linea
3176 3822 3280 3861 non
3308 3808 3484 3861 solum
3506 3807 3688 3866 stricta,

2167 3909 2346 3947 verum
2392 3895 2550 3946 etiam
2578 3895 2786 3962 poderis
2834 3906 2941 3958 est,
2974 3896 3218 3950 videlicet
3250 3896 3318 3947 ad
3356 3895 3516 3963 pedes
3545 3910 3693 3963 usque

2167 3983 2510 4046 descendens,
2542 3997 2659 4036 cum
2689 3984 3006 4037 continentia
3053 3978 3154 4037 non
3199 3985 3506 4038 unicuilibet
3543 4000 3694 4039 metu-

2171 4072 2264 4124 bro
2300 4073 2558 4126 violenter
2589 4073 2849 4141 imposita,
2881 4073 2972 4127 sed
3003 4074 3053 4127 in
3086 4083 3194 4126 toto
3239 4077 3328 4128 est”
3362 4089 3580 4142 corpore
3613 4073 3695 4127 de-

2169 4159 2484 4214 lectabiliter
2524 4171 2900 4214 eoosnmmata.
2937 4160 3056 4214 Hinc
3094 4161 3285 4214 etenim
3328 4162 3488 4229 linea,
3527 4176 3695 4216 nanus

2169 4261 2230 4298 ac
2257 4249 2468 4300 brachia
2497 4247 2651 4299 debet
2695 4247 2950 4316 stringere
2994 4249 3298 4311 sacerdotis,
3336 4265 3403 4302 ne
3443 4250 3564 4317 quid
3604 4251 3692 4302 nisi

523 4332 698 4384 verbis
723 4329 856 4383 sacri
885 4332 1079 4398 eloquii
1120 4334 1392 4388 manifeste
1418 4335 1614 4387 docuit.
1647 4335 1749 4389 Sed
1796 4337 1948 4406 longe
1977 4339 2147 4418 ali-1)
2174 4336 2299 4387 uti!e
2337 4335 2560 4399 iaciant;
2605 4347 2803 4402 pectus,
2849 4351 2914 4390 ne
2957 4339 3078 4404 quid
3123 4338 3278 4390 inane
3325 4337 3550 4404 cogitet;
3586 4351 3694 4390 vett-

525 4429 626 4483 ter,
662 4419 791 4485 proh
837 4421 1012 4472 dolor!
1047 4422 1256 4488 quidam
1309 4426 1586 4488 prmanlum
1638 4425 1862 4491 faciunt,
1894 4427 1980 4494 qui
2018 4437 2071 4480 et

525 4508 743 4560 donaria
772 4508 881 4560 sitve
903 4515 1128 4562 munera
1169 4511 1428 4579 accipere,
1457 4511 1564 4564 imo
1593 4514 1803 4583 exigere
1833 4515 2013 4567 volunt
2041 4531 2070 4569 a

527 4597 742 4664 populo,
773 4608 822 4650 et
852 4600 923 4666 nil
966 4613 1060 4664 pro
1091 4600 1448 4668 iniquitatibus
1485 4601 1621 4669 ejus,
1649 4615 1700 4654 ut
1731 4614 2074 4670 exportentur

525 4695 576 4736 et
602 4686 939 4751 castigentur,
967 4687 1272 4754 veniamque
1295 4689 1570 4754 accipiant,
1597 4702 1785 4744 curant
1810 4693 2072 4757 laborare,

526 4787 645 4825 cum
674 4773 741 4823 ob
770 4773 868 4826 hoc
897 4774 1063 4826 solum
1093 4774 1224 4824 dona
1257 4779 1558 4843 temporalia
1602 4794 1813 4832 sumere
1851 4771 2078 4834 debeant

527 4874 559 4911 a
586 4859 826 4923 subditis,
856 4848 992 4928 quod
1021 4875 1113 4914 eos
1144 4871 1338 4913 acterna
1384 4865 1517 4915 bona
1547 4867 1877 4931 praedicando
1904 4868 1971 4919 ab
1996 4881 2079 4920 cr-

529 4965 651 5006 vore
676 4954 1020 5014 correxerint,
1047 4964 1203 5020 atque
1224 4955 1288 5006 ad
1319 4954 1453 5006 viam
1486 4954 1718 5007 veritatis
1741 4955 2076 5023 deduxerint,

529 5043 594 5094 ad
623 5042 966 5095 imitationem
994 5045 1278 5110 primorum
1308 5053 1498 5096 sancte
1520 5044 1767 5096 Ecclesia
1787 5043 2078 5109 doctorum,

534 5133 622 5194 qui
655 5133 754 5184 illis
783 5133 1025 5199 aquibus
1069 5134 1372 5198 temporalia
1423 5134 1778 5199 percipieliant
1823 5133 2077 5201 subsidia,

530 5220 860 5273 muﬁdcnler
887 5221 1091 5273 aiebant
1118 5238 1128 5272 :
1161 5221 1220 5275 Si
1241 5236 1330 5272 nos
1351 5220 1484 5272 vobis
1505 5222 1789 5290 spiritantia
1819 5224 2083 5276 seminavi-

531 5325 665 5373 mus,
693 5326 925 5376 magnum
952 5320 1022 5362 est
1047 5311 1088 5362 si
1125 5323 1284 5364 vestra
1308 5311 1547 5376 carnalia
1595 5323 1837 5366 metamus
1881 5311 1934 5376 (1
1962 5313 2080 5374 Cor.

533 5399 646 5465 tu)?
677 5400 863 5450 Verum
895 5399 1011 5465 quia
1045 5400 1230 5462 prmstd
1258 5401 1482 5468 quisque
1503 5401 1613 5453 sive
1647 5403 1886 5458 minister
1916 5405 2082 5469 verbi,

540 5496 609 5538 η..
639 5489 807 5540 solum
840 5500 932 5554 pro
959 5485 1178 5540 subditis
1208 5488 1489 5543 elﬁcaciter
1517 5489 1776 5557 laborare,
1809 5493 1921 5547 sive
1952 5507 2082 5560 prte-

533 5577 761 5630 dicando
794 5577 1032 5642 verbum,
1062 5591 1152 5632 seu
1201 5578 1419 5634 Domino
1449 5580 1787 5648 supplicando
1817 5594 2004 5653 potest,
2040 5582 2084 5638 si

2177 4433 2329 4484 trem,
2365 4439 2429 4477 ne
2454 4422 2667 4477 delicias
2697 4423 2830 4477 ultra
2871 4425 3078 4477 modum
3109 4425 3424 4492 appetendo,
3466 4417 3618 4478 Deum
3643 4440 3696 4479 se

2172 4514 2368 4579 gulosis
2392 4512 2562 4567 facere
2589 4523 2900 4581 prasumat;
2928 4513 3158 4579 subjecta
3179 4513 3334 4564 etiam
3361 4513 3527 4567 ventri
3549 4529 3694 4568 mem-

2175 4603 2288 4662 bra.
2321 4619 2385 4655 ne
2425 4604 2742 4657 lasciviendo
2781 4612 2941 4668 totam
2979 4601 3317 4656 sacerdotalis
3356 4603 3562 4658 habitus
3597 4606 3696 4674 pal—

2178 4690 2524 4744 chritudinem
2571 4705 2937 4759 corrumpant;
2989 4705 3192 4756 genus,
3239 4706 3306 4745 ne
3348 4693 3416 4748 ab
3463 4694 3696 4747 orationis

2178 4780 2422 4831 instantia
2451 4787 2736 4851 torpeant;
2785 4780 2939 4832 tibias
2982 4785 3036 4831 et
3081 4780 3263 4844 pedes,
3306 4795 3373 4834 ne
3411 4781 3478 4834 ad
3522 4780 3694 4835 malum

2178 4874 2411 4918 currant.
2445 4866 2689 4920 lnduatur
2715 4881 2842 4932 ergo
2867 4866 3109 4920 sacerdos
3140 4869 3307 4935 primo
3349 4869 3486 4923 linea
3511 4872 3695 4936 stricta,

2181 4966 2237 5008 ut
2264 4967 2310 5009 et
2343 4971 2532 5025 corpus
2560 4956 2628 5010 ab
2653 4955 2842 5023 iniquis
2871 4957 3133 5031 operibus,
3153 4970 3204 5011 et
3228 4973 3256 5009 a
3287 4960 3464 5024 pravis
3492 4973 3696 5015 menteu-

2180 5047 2576 5112 cogitationibus
2600 5055 2914 5111 compescat.
2945 5046 3176 5113 Accipiat
3201 5044 3397 5110 deinde
3427 5047 3698 5118 hyacinthi.

2183 5142 2336 5198 nam,
2391 5144 2447 5186 ut
2495 5143 2608 5197 post
2651 5127 3041 5187 districtionem‘
3077 5132 3416 5187 continentia
3457 5137 3696 5200 salutari,

2182 5237 2332 5291 teque
2370 5238 2560 5289 corpus
2597 5231 2649 5275 et
2684 5222 2914 5276 animum
2952 5208 3588 5289 spiritualium'virtutnm
3623 5225 3698 5282 ha-

2185 5313 2294 5366 bitu
2327 5321 2587 5366 venustet.
2623 5309 2811 5364 Verum
2842 5310 2961 5377 quia
2989 5323 3174 5362 sensus
3201 5311 3434 5382 quinque
3458 5325 3582 5369 sunt
3602 5330 3698 5371 ear-

2187 5407 2346 5470 poris‘,
2397 5403 2556 5461 visus,
2604 5412 2816 5469 gustus,
2864 5400 3105 5462 olfactus,
3151 5386 3380 5468 auditus,
3429 5415 3486 5458 et
3527 5415 3697 5476 tactus;

2185 5508 2403 5559 quorum
2446 5493 2594 5556 primi
2625 5502 2850 5559 quatuor
2890 5493 3096 5559 proprie
3124 5491 3344 5558 capitis,
3375 5492 3600 5558 ultimus
3622 5495 3698 5548 toti

2187 5590 2266 5634 est
2303 5582 2506 5648 corpori
2546 5579 2868 5644 communis;
2915 5581 3083 5635 tunica
3123 5581 3267 5645 hac,
3307 5597 3470 5647 quam
3508 5583 3700 5637 distinet
