3898 6260
211 371 310 423 4H

1014 372 1099 427 ne
1137 366 1632 430 TABl-JRNACDLO
1671 373 1761 428 er
1800 373 1987 434 vasrs
2027 377 2204 436 EJUS.
2246 412 2313 422 --
2353 344 2479 436 ue.
2521 384 2602 437 ιιι.

3297 385 3400 437 4δῖ

210 491 433 548 utraque
477 479 706 548 proprie,
752 480 1127 536 continentiam
1172 492 1369 546 tactus,
1412 494 1466 538 et
1503 485 1755 551 justitiam
1787 486 1829 539 Α
1862 486 1992 552 phus
2017 499 2239 541 mromts
2267 504 2384 543 esse
2417 504 2604 543 aureas
2631 490 2954 557 designaret,
2987 495 3072 560 qtti
3109 501 3281 547 stante
3310 495 3401 546 atl-

209 566 470 637 designat.
494 566 889 636 Consequenter
915 584 1040 624 vero
1067 579 1122 624 et
1147 571 1371 626 aliorum
1398 580 1621 640 quatuor
1643 585 1760 626 sen-

209 668 364 710 suum
385 695 402 718 ,
441 670 596 724 quam
621 658 690 710 sit
719 659 798 711 vel
827 659 1058 713 curanda
1087 658 1418 725 innocentia,
1449 658 1530 714 vel
1565 661 1760 714 sancti-

209 741 390 799 lcatio
417 745 796 813 conquirenda,
834 745 1058 819 figurato
1099 748 1356 814 pontificis
1395 748 1575 803 habitu
1613 764 1760 802 mon-

208 843 430 900 stratur,
461 848 578 889 cum
603 835 792 888 dicitur
818 849 835 889 :

284 923 352 978 Et
388 925 568 994 tiaram
601 925 854 994 byuinam
891 928 1066 993 facies.
1103 923 1256 978 Tiara
1286 938 1536 991 namque,
1565 938 1681 992 qua
1707 933 1764 979 et

187 1013 434 1076 'cidaris.
461 1023 515 1067 et
541 1014 1030 1077 mitra-vocabatur,
1059 1024 1213 1082 caput
1239 1014 1446 1082 tegebat
1468 1023 1522 1068 et
1545 1016 1764 1068 ornabat

217 1103 516 1171 pontiﬁcis;
555 1111 613 1156 ut
652 1103 753 1156 hoc
800 1104 1106 1158 indumento
1149 1103 1537 1169 admoneretur,
1579 1119 1764 1157 omnes

213 1193 404 1263 capitis
431 1205 619 1248 sensus
646 1191 757 1246 Deo
796 1176 1134 1247 consecratos
1162 1191 1356 1246 habere
1374 1231 1390 1256 ,
1423 1206 1489 1245 ne
1517 1192 1596 1246 vel
1625 1189 1763 1246 Oculi

214 1284 334 1352 ejus
359 1281 598 1336 viderent
615 1283 919 1352 vanitatem,
948 1283 1029 1336 vel
1053 1297 1208 1336 aures
1234 1281 1483 1336 libentius
1504 1282 1765 1335 audiendo

193 1371 558 1440 opprobrium
583 1371 882 1437 acciperent
902 1370 1154 1424 adversus
1177 1369 1469 1440 proximum
1490 1385 1664 1432 suum,
1681 1373 1764 1424 vel

216 1474 281 1514 os
306 1459 597 1512 abundaret
639 1457 853 1522 malitia,
883 1466 937 1514 et
977 1458 1149 1527 lingua
1190 1461 1531 1513 concinnaret
1557 1445 1764 1523 dolum;

212 1546 330 1602 sive
359 1545 516 1600 etiam
546 1560 639 1600 cor
682 1547 891 1610 crapula
934 1556 988 1601 et
1029 1543 1284 1601 ebrietate
1321 1556 1644 1616 gravaretur,
1686 1547 1766 1601 vel

213 1631 440 1690 olfactus
468 1649 737 1704 aspersum
765 1623 971 1704 myrra,
1008 1647 1059 1689 et
1088 1636 1233 1699 aloe,
1262 1645 1316 1688 et
1342 1637 1670 1689 cinnamomo
1697 1635 1769 1687 le-

218 1733 364 1776 ctum
399 1723 706 1777 ‘meretriris
754 1722 1174 1792 amplecteretur.
1225 1724 1358 1790 Quin
1406 1724 1580 1792 potius
1630 1722 1766 1776 oculi

1860 576 1960 629 huc
1990 579 2204 644 templo,
2233 589 2286 632 et
2309 579 2466 648 legali
2495 580 2823 633 observantia
2853 582 3139 646 celebrata,
3169 597 3286 636 cum
3317 599 3402 636 es-

1856 672 1936 716 set
1973 664 2041 716 de
2083 678 2276 732 genere
2311 666 2655 729 sacerdotali,
2698 665 2939 721 facillime
2980 671 3145 735 potuit
3189 671 3403 724 modum

1856 764 2067 806 omnem
2096 754 2438 808 sacerdotalis
2477 753 2784 819 indumenti,
2823 771 2925 809 non
2957 764 3126 810 tamen
3159 757 3403 824 legendi,

1857 839 1951 893 sed
1977 849 2033 892 et
2061 840 2284 894 videndo
2311 856 2651 910 cognoscere.
2689 842 2882 898 Verum
2921 845 3033 898 sive
3061 846 3284 914 byssina
3311 861 3403 899 seu

1861 927 2051 982 fuerint
2074 944 2245 982 aureae
2273 930 2543 984 cortinulre
2564 972 2578 993 ,
2606 947 2728 985 cum
2755 942 2958 986 constet
2983 947 3072 986 eas
3098 937 3256 986 tactas
3284 947 3403 987 esse

1858 1030 1977 1068 cum
2010 1017 2199 1081 mitris,
2225 1015 2462 1069 dicamus
2491 1018 2720 1072 breviter
2746 1019 2815 1072 de
2857 1006 3038 1087 figura.
3081 1020 3257 1073 Mitras
3283 1035 3402 1073 cum

1860 1105 2123 1157 coronulis
2149 1104 2341 1158 habent
2367 1095 2667 1160 sacerdotes
2697 1121 2757 1160 es
2791 1107 2963 1176 bysso,
2993 1109 3081 1173 qui
3109 1110 3186 1163 sic
3212 1109 3406 1167 visum.

1861 1195 2118 1253 auditum,
2148 1204 2386 1264 gustum.
2417 1194 2696 1260 olfactum,
2725 1204 2776 1249 et
2817 1207 3009 1267 tactum
3045 1212 3196 1249 stmnt
3235 1200 3285 1248 in
3319 1212 3407 1251 ve-

1863 1292 2070 1334 nustate
2097 1283 2419 1335 castimonia
2448 1284 2770 1347 custodiunt,
2811 1295 2866 1335 ιιι
2895 1301 2989 1348 pro
3016 1284 3197 1336 eadem
3229 1294 3407 1336 custo-

1861 1369 1946 1424 dia
1973 1386 2031 1423 se
2058 1385 2308 1424 coronam
2339 1371 2482 1436 vitae,
2511 1372 2996 1439 quam'repromisit
3025 1371 3160 1425 Deus
3187 1371 3408 1438 diligen-

1865 1460 2004 1512 tibus
2031 1473 2107 1520 se,
2147 1460 2386 1526 accipere
2415 1466 2651 1526 sperent.
2679 1459 2810 1513 Nam
2848 1461 2934 1528 qui
2973 1460 3048 1512 sic
3077 1460 3409 1513 continentiae

1867 1547 1949 1601 vel
1981 1536 2132 1600 bonis
2159 1546 2403 1614 operibus
2425 1547 2601 1599 studet
2619 1585 2633 1608 ,
2660 1554 2719 1600 ut
2748 1562 2841 1613 pro
2867 1549 2946 1598 bis
2974 1555 3173 1600 aeterna
3201 1547 3411 1612 prrmia

1865 1637 2223 1691 retributionis
2252 1651 2500 1708 quaerere
2525 1636 2778 1704 negligat,
2820 1637 3026 1688 mitram
3055 1636 3264 1703 quidem
3296 1636 3412 1704 hys-

1865 1725 2043 1778 sinam.
2074 1726 2270 1779 habere
2310 1722 2515 1778 videtur
2552 1724 2602 1776 in
2642 1724 2832 1792 Capite,
2873 1723 2963 1776 sed
3001 1724 3277 1776 corouulas
3312 1739 3413 1777 rtun

225 1811 346 1878 ejus
375 1811 609 1864 riderent
634 1790 969 1879 equitatem,
994 1827 1147 1866 aures
1173 1790 1552 1870 inclinarcn'nr
1574 1813 1638 1866 ad
1667 1828 1769 1865 au-
1803 1790 1844 1847 Β
1871 1813 2056 1873 habet;
2087 1814 2205 1881 quia
2234 1812 2435 1866 videlict
2453 1819 2476 1865 t
2503 1790 2781 1879 imaginem
2811 1811 3012 1873 virtutis
3038 1824 3212 1864 coram
3245 1811 3413 1864 homi-

216 1897 408 1951 dienda
441 1897 599 1952 verba
633 1898 950 1964 prudentize,
987 1900 1155 1952 dulcia
1186 1912 1362 1953 essent
1393 1900 1628 1954 faucibus
1653 1903 1768 1968 ejus

217 1986 282 2039 cl.
306 1987 424 2053 quia
459 1985 661 2040 Domini
690 2001 845 2054 super
873 1987 971 2041 mel
1001 1996 1056 2040 et
1084 1987 1259 2040 favum
1279 2030 1294 2052 ,
1325 1990 1495 2044 donec
1523 2005 1768 2057 superes-

183 2138 195 2149 ι
215 2085 299 2128 set
324 2062 521 2150 halitus
551 2076 599 2127 in
627 2088 712 2139 eo,
745 2090 846 2128 non
877 2075 1177 2143 loqueretur
1202 2076 1546 2149 iniquitatem,
1570 2091 1676 2136 ,ncc
1702 2076 1770 2131 ab

218 2165 516 2219 innocentia
567 2179 660 2218 sua
707 2165 993 2218 recederet.
1044 2163 1343 2219 Curandum
1386 2174 1438 2219 et
1483 2167 1549 2218 de
1589 2167 1770 2236 quinto

216 2259 397 2316 sensu,
430 2254 518 2320 qui
563 2255 654 2307 toti
697 2263 778 2307 est
815 2255 1021 2322 corpori
1064 2257 1376 2320 communis,
1419 2266 1473 2308 ut
1516 2258 1605 2309 fiat
1644 2257 1768 2310 illud

219 2343 579 2411 propheticum
611 2343 909 2406 :Recedite,
937 2345 1170 2407 recedite,
1199 2345 1328 2398 exite
1356 2345 1490 2410 inde,
1522 2344 1770 2414 pollutum

218 2433 374 2484 nolite
413 2441 615 2501 tangere
646 2417 800 2501 (Era.
837 2431 950 2498 LII).
998 2433 1059 2484 Et
1092 2434 1228 2485 sicut
1264 2432 1513 2486 admonet
1543 2436 1770 2500 Aposto-

215 2519 302 2574 lus
331 2538 346 2573 :
381 2521 675 2574 Mundemus
713 2537 803 2574 nos
839 2522 900 2573 ab
944 2523 1080 2574 omni
1117 2518 1496 2591 inquinamento
1522 2524 1688 2576 carnis
1725 2534 1772 2576 et

215 2610 457 2675 spiritus,
503 2611 812 2678 perﬁcientes
859 2611 1308 2677 sancti/irationem
1355 2613 1407 2664 in
1455 2614 1632 2665 timore
1679 2611 1774 2666 Dei

217 2694 307 2765 (11
337 2696 453 2750 Cor.
494 2699 574 2765 tt).
619 2699 854 2764 Qualiter
888 2708 1062 2752 autem
1105 2700 1239 2761 tiara
1277 2702 1388 2754 hac
1423 2701 1578 2755 fuerit
1612 2702 1768 2767 facta,

217 2785 477 2851 Iosephus
503 2787 656 2840 docet
698 2782 900 2855 (Aulti
929 2802 982 2840 ιιι
1005 2826 1019 2849 ,
1047 2785 1126 2853 2),
1165 2787 1346 2840 dicens
1374 2805 1388 2840 :
1425 2789 1595 2857 Super
1618 2799 1775 2857 caput

217 2883 393 2927 autem
421 2882 587 2942 gestat
624 2875 815 2942 pileum
866 2876 917 2927 in
963 2877 1170 2928 modum
1220 2877 1419 2944 parvuli
1461 2877 1645 2930 calami
1685 2887 1774 2931 aut

217 2966 462 3028 cassidis,
492 2969 626 3034 quod
661 2966 968 3020 extenditur
997 2960 1154 3035 supra
1179 2968 1533 3021 summitatem
1563 2968 1770 3034 capitis,

218 3063 273 3108 et
313 3055 517 3108 modice
546 3057 754 3110 verticis
794 3055 1127 3110 medietatem
1165 3057 1399 3121 excedit;
1441 3066 1493 3110 et
1532 3057 1635 3111 tale
1670 3069 1770 3121 est,

222 3153 278 3196 ut
309 3142 550 3196 videatur
575 3157 637 3197 ex
667 3142 757 3197 lini
790 3153 997 3200 textura
1029 3144 1324 3211 confectum
1347 3185 1363 3211 ,
1396 3145 1593 3200 habens
1621 3147 1775 3198 vitt..s

220 3248 339 3303 qua:
370 3233 663 3287 convoluta:
686 3234 880 3302 saepius
904 3243 1303 3296 connectuntur,
1338 3250 1434 3288 nec
1468 3234 1618 3288 facile
1647 3236 1777 3287 dila-

221 3325 395 3379 batur.
434 3324 530 3392 Qui
564 3323 818 3380 videlicet
847 3326 1107 3395 Josephus
1153 3327 1271 3382 huic
1315 3329 1450 3402 pileo
1479 3327 1779 3392 superaddi-

223 3424 336 3468 tum
372 3430 492 3469 esse
529 3425 710 3470 narrat
746 3417 884 3470 aliud
929 3418 1102 3485 majus
1141 3420 1407 3483 velamen,
1441 3419 1576 3486 quod
1619 3429 1776 3471 totum

221 3506 409 3573 capitis
435 3507 769 3572 superficiem
799 3506 999 3559 celaret
1027 3523 1038 3557 :
1073 3516 1305 3574 aptatum
1335 3505 1581 3574 perfecte,
1612 3524 1676 3559 ne
1708 3508 1774 3558 la-

224 3596 446 3648 borante
486 3596 762 3649 sacerdote
789 3597 926 3648 circa
965 3596 1221 3649 sacrificia
1253 3607 1496 3659 corruat;
1535 3598 1671 3663 quod
1706 3604 1780 3647 ta-

225 3699 347 3737 men
375 3672 534 3750 cujus
551 3694 692 3738 esset
720 3685 910 3738 coloris
940 3699 1041 3736 non
1068 3685 1318 3738 ostendit.
1341 3683 1406 3736 Et
1435 3685 1543 3736 lucc
1566 3684 1776 3751 quidem

223 3775 288 3828 de
319 3769 532 3828 minoris
563 3774 852 3828 sacerdOtis
880 3775 1041 3844 pileo.
1088 3774 1162 3828 De
1194 3773 1453 3842 pontificis
1494 3788 1618 3827 vero
1647 3775 1779 3826 tiara

225 3867 328 3918 hoc
369 3864 523 3917 modo
561 3873 781 3918 testatur
825 3881 839 3915 :
887 3864 1085 3917 Pileutn
1127 3872 1303 3917 autem
1342 3863 1500 3932 priori
1540 3863 1780 3917 similiter

224 3965 497 4023 operatum
529 3955 682 4008 habet
710 3955 965 4023 pontifex,
997 3958 1132 4008 sicut
1163 3955 1348 4023 reliqui
1375 3956 1696 4021 sacerdotes,
1727 3966 1780 4009 ct

225 4045 386 4098 nliutn
415 4030 689 4098 consulum
717 4061 781 4098 ex
801 4038 1092 4114 hyacintho
1121 4046 1395 4119 variatum.
1419 4032 1780 4101 Circumdatur

226 4145 402 4189 autem
432 4135 480 4189 ei
506 4147 558 4188 et
586 4150 743 4189 aurea
773 4150 987 4198 corona,
1022 4135 1185 4188 tribus
1213 4135 1413 4190 vicibus
1437 4137 1591 4200 facta,
1623 4150 1776 4202 supra

228 4241 384 4291 quam
416 4223 582 4292 surgit
613 4225 663 4277 in
695 4225 862 4276 media
896 4224 1086 4287 fronle,
1117 4226 1262 4291 quasi
1289 4224 1541 4278 caliculus
1569 4223 1778 4292 quidam

227 4311 440 4372 aureus,
471 4297 657 4361 similis
688 4310 885 4371 herbae,
929 4326 1042 4376 quze
1074 4314 1208 4376 apud
1240 4326 1334 4364 nos
1365 4312 1558 4366 acharo
1589 4328 1782 4365 nuncu-

1871 1902 2296 1971 nibusprrefert,
2337 1902 2428 1956 sed
2469 1903 2764 1956 mercedem
2797 1903 3000 1954 virtutis
3039 1915 3155 1954 cum
3195 1901 3414 1962 Domino

1870 2005 1974 2043 non
2003 1991 2218 2045 invenit.
2259 1990 2536 2058 Sive‘ergo
2562 1991 2828 2044 coronulat
2856 1989 3050 2042 fuerint
3088 2004 3280 2052 aureas,
3308 1990 3407 2042 cla-

1869 2080 2074 2134 ritatcm
2105 2089 2365 2146 perpetua:
2404 2079 2532 2131 lucis
2570 2077 2894 2145 significant;
2937 2079 3050 2130 sive
3077 2076 3268 2129 fuerint
3296 2076 3411 2144 bys-

1870 2167 2018 2234 sinte,
2071 2170 2236 2236 ipsam
2284 2169 2446 2222 nostri
2490 2169 2726 2230 corporis
2774 2168 3249 2228 immortalitatem,
3297 2179 3412 2232 qua:

1873 2259 2114 2324 perennis
2160 2257 2329 2312 futura
2375 2265 2476 2321 est,
2528 2257 2746 2326 figurate
2791 2256 3116 2310 denuntiant.
3155 2255 3221 2307 Et
3274 2261 3414 2307 recte

1873 2349 2118 2402 sacerdos
2158 2362 2276 2400 cum
2323 2346 2471 2400 stolis
2516 2345 2741 2415 byssinis
2788 2357 3010 2397 coronas
3057 2341 3414 2409 supvmdditas

1872 2446 2058 2507 gestat,
2102 2421 2158 2488 ut
2194 2446 2246 2490 et
2283 2436 2334 2489 in
2373 2435 2689 2490 continentia
2722 2435 2836 2500 ipse
2873 2447 2968 2485 sua
3002 2433 3194 2499 jugiter
3222 2441 3414 2484 aeterna

1875 2529 2086 2596 praemia
2126 2525 2426 2590 meditetur,
2455 2533 2511 2578 et
2547 2524 2597 2576 in
2637 2520 3046 2576 sanctificatione
3082 2519 3414 2573 continentia:

1875 2618 1957 2672 vel
1998 2619 2145 2670 honre
2190 2614 2510 2684 operationis
2547 2613 2699 2668 simul
2736 2613 2917 2665 eadem
2956 2609 3139 2678 gaudia
3177 2624 3284 2677 sup.
3308 2625 3416 2663 rna:

1877 2705 2210 2759 beatitudinis
2239 2705 2570 2758 audientibus
2600 2702 2894 2769 promittat;
2928 2715 2993 2753 ne
3021 2699 3063 2752 si
3096 2699 3288 2765 absque
3325 2712 3417 2763 spe.

1876 2793 2232 2847 retributionis
2263 2792 2466 2860 pondus
2497 2792 2730 2856 imponat
2761 2789 2953 2840 laboris
2974 2827 2990 2852 ,
3015 2777 3194 2854 jngum
3227 2783 3418 2837 Christi

1874 2894 2058 2944 suave,
2082 2888 2237 2947 atque
2261 2893 2391 2932 onus
2419 2879 2532 2931 leve
2556 2891 2698 2943 asper
2713 2891 2798 2927 um
2827 2879 2934 2927 suis
2958 2874 3276 2944 auditoribus
3297 2873 3415 2926 rcd-

1874 2970 1985 3033 dat,
2011 2978 2063 3022 et
2090 2971 2295 3023 durum.
2325 2967 2456 3020 Cum
2487 2979 2611 3019 vero
2644 2963 2891 3017 Dentiuus
2920 2963 3103 3015 tiaram
3130 2959 3416 3016 faciendam

1877 3063 2204 3128 praeciperet,
2234 3058 2429 3112 addidit
2461 3075 2472 3109 :
3306 3069 3339 3106 ἐς

1949 3148 2011 3210 Et
2042 3150 2257 3201 balteum
2283 3144 2428 3215 apere
2453 3145 2709 3213 plumarii.
2742 3143 2815 3196 De
2842 3141 2990 3209 cujus
3022 3138 3257 3193 titlelicet
3288 3136 3418 3190 fzicla

1877 3242 2036 3296 baltei
2068 3237 2388 3291 manifestius
2415 3237 2466 3289 in
2500 3235 2876 3302 posterioribus
2903 3230 3153 3296 scriptum
3175 3237 3273 3281 est.
3300 3227 3420 3279 Cin-

1875 3334 2051 3396 gu'um
2097 3342 2221 3381 vero
2268 3328 2500 3379 fecerunt
2548 3324 2614 3374 de
2657 3322 2815 3389 bysso
2850 3320 3068 3376 retorta,
3117 3313 3418 3383 hyacintho,

1878 3433 2126 3486 purpura,
2168 3429 2229 3465 ac
2271 3411 2554 3465 vermiculo
2595 3409 2672 3460 bis
2715 3409 2898 3468 tincto,
2943 3418 3099 3470 opere
3143 3400 3419 3469 plutnario.

1879 3508 1984 3560 Hoc
2015 3503 2300 3571 cingulum,
2334 3511 2386 3552 ut
2420 3500 2766 3566 Hieronymus
2791 3493 3111 3557 exJosepho
3140 3489 3339 3551 scribit,
3368 3490 3418 3542 iu

1875 3593 2266 3650 similitudinem
2297 3590 2442 3657 pellis
2463 3586 2686 3648 colubri,
2711 3600 2865 3654 quam
2887 3584 3029 3636 exuit
3048 3581 3099 3634 in
3129 3589 3422 3644 senectute,

1875 3687 1950 3740 sic
1996 3683 2046 3738 in
2093 3681 2320 3736 rotundo
2368 3688 2564 3734 textum
2607 3688 2708 3739 est,
2753 3685 2811 3729 ut
2848 3673 3168 3741 marsupium
3217 3671 3420 3739 longius

1878 3787 2049 3848 putes.
2081 3775 2302 3828 Textnm
2343 3779 2515 3824 autem
2556 3773 2653 3822 sub
2689 3766 2915 3836 tegmine
2943 3764 3116 3826 cocci,
3157 3776 3420 3828 purpurze,

1880 3865 2167 3937 hyacinthi,
2199 3873 2252 3918 et
2275 3862 2500 3916 stamine
2525 3859 2756 3928 hyssino,
2780 3856 2848 3909 ob
2870 3856 3110 3908 decorem
3143 3863 3195 3905 et
3223 3852 3424 3902 fortitu-

1878 3959 2076 4018 dinem,
2110 3963 2264 4022 atque
2295 3954 2360 4003 ita
2396 3950 2637 4018 polymita
2671 3958 2783 3998 arte
2805 3944 3106 3995 distinctum
3125 3981 3139 4002 ,
3168 3949 3221 3990 ut
3249 3940 3423 3990 diver-

1879 4061 1967 4099 sos
1997 4045 2152 4095 liores
2190 4049 2242 4092 et
2270 4051 2501 4106 geminas
2533 4050 2633 4085 non
2673 4031 2888 4083 artificis
2929 4043 3084 4081 manu
3128 4037 3422 4090 contextus,
3472 4083 3475 4086 _

1878 4135 1968 4188 sed
2000 4132 2201 4184 additas
2230 4127 2519 4180 arbitreris.
2565 4123 2901 4187 Ilabebalque
2937 4118 3261 4171 latitudinem
3291 4131 3417 4183 qua-

1881 4235 1997 4279 tuor
2025 4221 2339 4289 digitorum,
2371 4230 2475 4282 quo
2503 4214 2711 4278 cingulo
2740 4210 2946 4276 proprie
2983 4208 3211 4276 pontifex
3243 4206 3423 4258 uteba-

1882 4324 1985 4378 tur,
2010 4320 2063 4364 ct
2086 4324 2150 4363 eo
2174 4308 2344 4360 tunica
2374 4302 2726 4373 hyacinthina,
2751 4299 2903 4352 simul
2924 4309 2974 4353 et
2996 4296 3423 4364 superhnmerale

229 4409 404 4466 patur,
449 4411 605 4464 quam
647 4396 818 4449 (ἰτεῑεὶ
861 4397 1221 4465 Ιιγοειγεηιυιι
1263 4397 1463 4451 dicunt.
1514 4402 1578 4452 Et
1625 4404 1779 4469 paulo
1813 4403 2254 4474 Dstringebatur.
2288 4396 2414 4452 Nam
2457 4393 2507 4446 in
2537 4391 3087 4459 sequentibuS‘aperte
3111 4386 3178 4441 de
3205 4388 3425 4451 conjun-

229 4494 351 4553 post
375 4484 633 4552 descripta
665 4484 886 4538 mirabili
919 4486 1170 4538 varietate
1205 4485 1512 4548 suliintulit,
1543 4486 1724 4542 dicens
1759 4505 1773 4541 :

227 4566 398 4628 liabet
426 4590 597 4628 autem
625 4575 781 4630 ﬂores
798 4578 1006 4637 similes
1038 4578 1317 4646 plantagini
1336 4620 1350 4644 ,
1382 4587 1434 4630 et
1463 4592 1554 4644 per
1580 4579 1773 4632 circui-

233 4674 343 4718 tum
383 4672 485 4716 tota
514 4679 705 4720 corona
743 4667 824 4719 his
853 4667 1066 4722 floribus
1097 4677 1179 4722 est
1201 4670 1380 4722 caelata
1401 4713 1414 4737 ,
1443 4670 1510 4722 ab
1533 4671 1778 4737 occipitio

233 4768 400 4822 usque
428 4753 492 4806 ad
521 4764 798 4820 utrumque
829 4764 1032 4821 tempus
1057 4774 1071 4819 ;
1103 4757 1152 4808 in
1181 4757 1352 4811 fronte
1379 4772 1508 4812 vero
1539 4758 1638 4812 hoc
1669 4759 1779 4825 qui.

232 4846 355 4900 dem
385 4859 486 4897 non
518 4844 694 4908 habet,
719 4843 810 4899 sed
840 4845 1028 4897 lamina
1057 4857 1138 4898 est
1166 4861 1345 4911 aurea,
1374 4864 1488 4916 quae
1517 4850 1679 4903 sacris
1704 4850 1780 4903 lit-

236 4935 365 4987 teris
395 4932 486 4987 Dei
527 4947 714 4986 nomen
747 4931 901 4984 habet
938 4933 1262 4999 inscriptum.
1305 4936 1428 4988 Harc
1460 4937 1673 5003 quidem
1713 4938 1778 4991 de

235 5022 468 5075 secundo
494 5022 751 5075 velamine
779 5030 830 5074 et
857 5022 1066 5074 coronis
1095 5023 1396 5087 pontificum
1436 5028 1609 5078 aureis
1639 5026 1778 5080 Scri-

237 5122 386 5179 ptura
427 5116 605 5164 sancta
648 5123 818 5166 tacere
851 5111 1068 5164 videtur.
1101 5110 1424 5164 Coronarum
1458 5128 1582 5166 vero
1611 5115 1780 5170 brevi-

239 5210 321 5254 ter
357 5199 484 5252 fecit
521 5202 571 5251 in
610 5203 945 5270 sequentibus
983 5204 1334 5265 mentionem,
1373 5201 1550 5255 dicens
1580 5220 1592 5253 :
1626 5203 1779 5259 Fece-

239 5299 356 5344 rttttt
384 5297 427 5342 et
458 5290 652 5342 tunicas
690 5307 836 5357 apere
872 5293 1030 5345 textili
1069 5293 1238 5343 Aaron
1264 5301 1309 5344 et
1340 5291 1434 5358 ﬁlii
1459 5295 1589 5362 ejus,
1616 5303 1662 5344 et
1689 5296 1782 5346 mi-

240 5389 344 5434 tras
371 5395 484 5431 cum
510 5380 762 5431 ceronulis
791 5383 893 5433 suis
931 5398 992 5433 ea:
1029 5380 1174 5450 bysso
1212 5380 1399 5446 (Exod.
1432 5381 1634 5448 xxxix).
1679 5383 1779 5435 Sed

242 5470 309 5524 de
345 5484 444 5536 qua
477 5468 692 5520 materia
735 5467 880 5522 facta:
917 5483 1122 5533 essent,
1165 5485 1266 5522 non
1295 5469 1446 5521 dixit.
1487 5468 1616 5522 Cum
1643 5472 1781 5523 enim

245 5562 402 5624 dicat,
428 5558 489 5610 Et
514 5558 692 5610 mitras
714 5573 829 5611 cum
849 5561 1114 5615 coronulis
1139 5563 1247 5614 suis
1274 5555 1335 5612 cx
1365 5562 1428 5628 by
1462 5575 1522 5613 so
1540 5601 1553 5622 ,
1586 5570 1784 5626 poterat

244 5652 455 5721 tutelligi
489 5657 735 5719 utrasque
759 5666 823 5705 ex
851 5651 1006 5720 bysso
1035 5653 1196 5708 factas
1225 5666 1340 5708 csse
1360 5694 1375 5719 ,
1418 5652 1462 5703 si
1505 5665 1606 5705 non
1637 5652 1784 5706 lose-

1885 4494 2059 4548 ctione
2089 4485 2530 4556 superhumeralis
2557 4493 2610 4534 et
2637 4478 2904 4532 rationalis
2933 4477 3124 4530 dictum
3150 4489 3226 4527 est
3259 4493 3270 4525 :
3307 4475 3377 4526 Ηὶι
3397 4488 3426 4528 c

1886 4591 1940 4636 et
1965 4590 2086 4633 ante
2107 4588 2158 4632 et
2186 4586 2325 4628 retro
2355 4574 2424 4625 ita
2445 4568 2827 4623 conveniebant
2852 4566 2970 4628 sibi,
2995 4573 3053 4615 ut
3080 4563 3422 4629 superhume-

1886 4671 1992 4723 rale
2020 4678 2072 4721 et
2113 4664 2365 4718 rationale
2405 4669 2584 4710 mutuo
2622 4661 2974 4714 necterentur,
3007 4651 3185 4701 stricta
3213 4649 3275 4699 ad
3318 4649 3426 4700 bal-

1888 4766 2026 4810 teum
2049 4763 2101 4808 et
2123 4750 2327 4804 annulis
2353 4745 2538 4799 fortius
2559 4743 2827 4809 copulata;
2862 4753 2995 4807 quos
3029 4736 3280 4805 iungebat
3302 4737 3426 4788 vitta

1887 4841 2242 4914 hyacinthina.
2271 4852 2337 4889 ne
2368 4835 2482 4888 laxe
2507 4833 2754 4894 fluerent,
2783 4839 2834 4882 et
2859 4843 2888 4881 a
2917 4841 2975 4881 se
3001 4827 3220 4879 invicem
3249 4822 3428 4914 move-

1888 4911 2089 4987 rentur.
2138 4927 2272 4982 Nulli
2301 4933 2472 4979 autem
2501 4922 2738 4981 dubium,
2789 4918 2910 4982 quin
2942 4915 3141 4967 balteus
3170 4914 3285 4965 sive
3314 4911 3428 4963 cin-

1886 5025 2096 5092 gulum,
2146 5018 2228 5070 cui
2277 5010 2702 5082 superbumerale
2749 5006 3148 5071 astringebatur,
3199 4999 3424 5051 tunicam

1889 5089 2310 5182 hyacintltiuant,
2343 5118 2459 5172 qua:
2498 5109 2552 5154 et
2591 5092 3036 5162 superltutncralis
3074 5089 3244 5140 tunica
3272 5101 3462 5142 vneam

1888 5174 2060 5264 batur,
2105 5197 2376 5264 cingebat;
2407 5199 2592 5247 cuncta
2621 5186 2811 5239 etenim
2841 5196 2956 5247 mite
2996 5180 3258 5243 hucusque
3287 5174 3426 5228 dicta

1887 5299 2034 5351 sunt,
2069 5288 2131 5338 ad
2162 5284 2420 5352 pontificis
2449 5279 2678 5351 habitum
2709 5271 2984 5337 pertinent.
3018 5266 3212 5318 Dehinc
3244 5278 3427 5315 conse-

1888 5386 2108 5447 quenter
2147 5375 2374 5427 filiorum
2413 5371 2527 5436 ejus
2567 5364 2720 5417 simul
2763 5359 2916 5413 baltei
2954 5365 3006 5410 et
3044 5363 3234 5408 cretera
3281 5354 3426 5405 indu-

1889 5476 2058 5522 menta
2087 5471 2439 5532 exponuntur,
2469 5470 2588 5516 cum
2617 5453 2806 5507 dicitur
2833 5466 2847 5501 :

1960 5553 2123 5606 Porro
2153 5529 2272 5618 [iliis
2312 5552 2476 5601 Aaron
2509 5546 2702 5596 tunicas
2733 5541 2885 5594 lineas
2917 5535 3115 5603 parabis
3152 5540 3195 5584 et
3223 5529 3427 5589 balteos,

1889 5655 1991 5701 etc.
2023 5643 2200 5711 Neque
2226 5641 2292 5696 de
2312 5637 2498 5694 balteis
2519 5651 2722 5702 corum,
2745 5641 2915 5687 utrum
2941 5638 2992 5685 et
3014 5625 3109 5696 ipsi
3135 5635 3292 5692 opere
3317 5619 3421 5687 plu-
