  <div class='ocr_page' id='page_1' title='image "/cluster/home/n/w/nwhite01/storage/ocr_20150623/90-91/uva.x000827075/903.png"; bbox 0 0 3898 6260; ppageno 0'>
   <div class='ocr_carea' id='block_1_1' title="bbox 507 293 610 348">
    <p class='ocr_par' dir='ltr' id='par_1_1' title="bbox 507 293 610 348">
     <span class='ocr_line' id='line_1_1' title="bbox 507 293 610 348; baseline 0.039 -3"><span class='ocrx_word' id='word_1_1' title='bbox 507 293 610 348; x_wconf 71' lang='grc'><strong>485</strong></span> 
     </span>
    </p>
   </div>
   <div class='ocr_carea' id='block_1_2' title="bbox 995 273 2060 340">
    <p class='ocr_par' dir='ltr' id='par_1_2' title="bbox 995 276 2060 340">
     <span class='ocr_line' id='line_1_2' title="bbox 995 276 2060 340; baseline -0.01 0"><span class='ocrx_word' id='word_1_2' title='bbox 995 285 1191 340; x_wconf 64' lang='lat' dir='ltr'><strong>DEDA&#39;;</strong></span> <span class='ocrx_word' id='word_1_3' title='bbox 1233 279 1680 338; x_wconf 67' lang='lat' dir='ltr'><strong>VENERABILIS</strong></span> <span class='ocrx_word' id='word_1_4' title='bbox 1716 278 1989 334; x_wconf 76' lang='lat' dir='ltr'><strong>OPERUM</strong></span> <span class='ocrx_word' id='word_1_5' title='bbox 2031 276 2060 329; x_wconf 69' lang='grc' dir='ltr'><strong>Ρ</strong></span> 
     </span>
    </p>
   </div>
   <div class='ocr_carea' id='block_1_3' title="bbox 2165 273 3188 340">
    <p class='ocr_par' dir='ltr' id='par_1_3' title="bbox 2167 273 3188 331">
     <span class='ocr_line' id='line_1_3' title="bbox 2167 273 3188 331; baseline -0.005 0"><span class='ocrx_word' id='word_1_6' title='bbox 2167 277 2204 331; x_wconf 90' lang='lat' dir='ltr'><strong>S</strong></span> <span class='ocrx_word' id='word_1_7' title='bbox 2242 277 2304 330; x_wconf 91' lang='lat' dir='ltr'><strong>ll.</strong></span> <span class='ocrx_word' id='word_1_8' title='bbox 2353 306 2412 316; x_wconf 92' lang='lat'>—</span> <span class='ocrx_word' id='word_1_9' title='bbox 2456 273 2834 331; x_wconf 73' lang='lat' dir='ltr'><strong>EXEGETICA</strong></span> <span class='ocrx_word' id='word_1_10' title='bbox 2874 273 3188 330; x_wconf 64' lang='grc' dir='ltr'>ςεΝιιιιιι.</span> 
     </span>
    </p>
   </div>
   <div class='ocr_carea' id='block_1_4' title="bbox 3603 273 3708 330">
    <p class='ocr_par' dir='ltr' id='par_1_4' title="bbox 3603 273 3708 330">
     <span class='ocr_line' id='line_1_4' title="bbox 3603 273 3708 330; baseline -0.019 0"><span class='ocrx_word' id='word_1_11' title='bbox 3603 273 3708 330; x_wconf 60' lang='grc'><strong>884</strong></span> 
     </span>
    </p>
   </div>
   <div class='ocr_carea' id='block_1_5' title="bbox 508 379 3711 472">
    <p class='ocr_par' dir='ltr' id='par_1_5' title="bbox 508 379 3711 472">
     <span class='ocr_line' id='line_1_5' title="bbox 508 379 3711 472; baseline -0.007 -5"><span class='ocrx_word' id='word_1_12' title='bbox 508 411 694 472; x_wconf 86' lang='lat' dir='ltr'><strong>marii,</strong></span> <span class='ocrx_word' id='word_1_13' title='bbox 737 423 799 461; x_wconf 85' lang='lat' dir='ltr'><strong>an</strong></span> <span class='ocrx_word' id='word_1_14' title='bbox 836 405 986 458; x_wconf 87' lang='lat' dir='ltr'><strong>unius</strong></span> <span class='ocrx_word' id='word_1_15' title='bbox 1014 400 1204 456; x_wconf 82' lang='lat' dir='ltr'><strong>coloris</strong></span> <span class='ocrx_word' id='word_1_16' title='bbox 1240 399 1350 453; x_wconf 82' lang='lat' dir='ltr'><strong>fieri</strong></span> <span class='ocrx_word' id='word_1_17' title='bbox 1383 397 1691 460; x_wconf 76' lang='lat' dir='ltr'><strong>debuerint,</strong></span> <span class='ocrx_word' id='word_1_18' title='bbox 1731 394 1923 460; x_wconf 83' lang='lat' dir='ltr'><strong>aliquid</strong></span> <span class='ocrx_word' id='word_1_19' title='bbox 1961 395 2050 447; x_wconf 88' lang='lat' dir='ltr'><strong>de—</strong></span> <span class='ocrx_word' id='word_1_20' title='bbox 2081 395 2124 448; x_wconf 80' lang='grc' dir='ltr'><strong>Α</strong></span> <span class='ocrx_word' id='word_1_21' title='bbox 2157 379 2287 469; x_wconf 55' lang='lat' dir='ltr'><strong>filiis</strong></span> <span class='ocrx_word' id='word_1_22' title='bbox 2321 393 2493 444; x_wconf 84' lang='lat' dir='ltr'><strong>.-\aron</strong></span> <span class='ocrx_word' id='word_1_23' title='bbox 2541 393 2742 445; x_wconf 84' lang='lat' dir='ltr'><strong>tunicas</strong></span> <span class='ocrx_word' id='word_1_24' title='bbox 2789 391 2955 446; x_wconf 89' lang='lat' dir='ltr'><strong>lineas</strong></span> <span class='ocrx_word' id='word_1_25' title='bbox 2999 390 3241 459; x_wconf 85' lang='lat' dir='ltr'><strong>parabis,</strong></span> <span class='ocrx_word' id='word_1_26' title='bbox 3295 399 3348 444; x_wconf 87' lang='lat' dir='ltr'><strong>et</strong></span> <span class='ocrx_word' id='word_1_27' title='bbox 3399 389 3602 446; x_wconf 74' lang='lat' dir='ltr'><strong>balteus</strong></span> <span class='ocrx_word' id='word_1_28' title='bbox 3647 407 3711 446; x_wconf 80' lang='lat' dir='ltr'><strong>ac</strong></span> 
     </span>
    </p>
   </div>
   <div class='ocr_carea' id='block_1_6' title="bbox 509 484 2051 559">
    <p class='ocr_par' dir='ltr' id='par_1_6' title="bbox 509 484 2051 559">
     <span class='ocr_line' id='line_1_6' title="bbox 509 484 2051 559; baseline -0.016 -2"><span class='ocrx_word' id='word_1_29' title='bbox 509 503 758 559; x_wconf 87' lang='lat' dir='ltr'><strong>cernitur.</strong></span> <span class='ocrx_word' id='word_1_30' title='bbox 795 495 1073 549; x_wconf 78' lang='lat' dir='ltr'><strong>Dicendum</strong></span> <span class='ocrx_word' id='word_1_31' title='bbox 1106 492 1260 559; x_wconf 88' lang='lat' dir='ltr'><strong>igitttr</strong></span> <span class='ocrx_word' id='word_1_32' title='bbox 1288 489 1457 558; x_wconf 87' lang='lat' dir='ltr'><strong>ptimo</strong></span> <span class='ocrx_word' id='word_1_33' title='bbox 1483 488 1548 540; x_wconf 91' lang='lat' dir='ltr'><strong>de</strong></span> <span class='ocrx_word' id='word_1_34' title='bbox 1577 487 1746 539; x_wconf 86' lang='lat' dir='ltr'><strong>balteo</strong></span> <span class='ocrx_word' id='word_1_35' title='bbox 1774 484 2051 553; x_wconf 81' lang='lat' dir='ltr'><strong>pontificis,</strong></span> 
     </span>
    </p>
   </div>
   <div class='ocr_carea' id='block_1_7' title="bbox 509 574 2054 662">
    <p class='ocr_par' dir='ltr' id='par_1_7' title="bbox 509 574 2054 662">
     <span class='ocr_line' id='line_1_7' title="bbox 509 574 2054 662; baseline -0.014 -17"><span class='ocrx_word' id='word_1_36' title='bbox 509 594 596 662; x_wconf 85' lang='lat' dir='ltr'><strong>qui</strong></span> <span class='ocrx_word' id='word_1_37' title='bbox 639 590 703 643; x_wconf 88' lang='lat' dir='ltr'><strong>de</strong></span> <span class='ocrx_word' id='word_1_38' title='bbox 745 595 967 656; x_wconf 94' lang='lat' dir='ltr'><strong>quatuor</strong></span> <span class='ocrx_word' id='word_1_39' title='bbox 1011 583 1276 635; x_wconf 86' lang='lat' dir='ltr'><strong>coloribus</strong></span> <span class='ocrx_word' id='word_1_40' title='bbox 1324 579 1426 632; x_wconf 81' lang='lat' dir='ltr'><strong>illis</strong></span> <span class='ocrx_word' id='word_1_41' title='bbox 1468 576 1804 630; x_wconf 81' lang='lat' dir='ltr'><strong>nobilissimis</strong></span> <span class='ocrx_word' id='word_1_42' title='bbox 1844 589 1905 626; x_wconf 89' lang='lat' dir='ltr'><strong>ac</strong></span> <span class='ocrx_word' id='word_1_43' title='bbox 1947 574 2054 625; x_wconf 84' lang='lat' dir='ltr'><strong>Deo</strong></span> 
     </span>
    </p>
   </div>
   <div class='ocr_carea' id='block_1_8' title="bbox 506 665 2051 750">
    <p class='ocr_par' dir='ltr' id='par_1_8' title="bbox 506 665 2051 750">
     <span class='ocr_line' id='line_1_8' title="bbox 506 665 2051 750; baseline -0.014 -13"><span class='ocrx_word' id='word_1_44' title='bbox 506 680 678 750; x_wconf 78' lang='lat' dir='ltr'><strong>dignis</strong></span> <span class='ocrx_word' id='word_1_45' title='bbox 707 679 871 731; x_wconf 86' lang='lat' dir='ltr'><strong>factus</strong></span> <span class='ocrx_word' id='word_1_46' title='bbox 909 684 1017 736; x_wconf 88' lang='lat' dir='ltr'><strong>est;</strong></span> <span class='ocrx_word' id='word_1_47' title='bbox 1058 672 1175 740; x_wconf 87' lang='lat' dir='ltr'><strong>quia</strong></span> <span class='ocrx_word' id='word_1_48' title='bbox 1206 678 1326 737; x_wconf 87' lang='lat' dir='ltr'><strong>apte</strong></span> <span class='ocrx_word' id='word_1_49' title='bbox 1357 669 1510 722; x_wconf 83' lang='lat' dir='ltr'><strong>talem</strong></span> <span class='ocrx_word' id='word_1_50' title='bbox 1544 668 1757 720; x_wconf 79' lang='lat' dir='ltr'><strong>haberet</strong></span> <span class='ocrx_word' id='word_1_51' title='bbox 1791 665 2051 735; x_wconf 73' lang='lat' dir='ltr'><strong>pontifex,</strong></span> 
     </span>
    </p>
   </div>
   <div class='ocr_carea' id='block_1_9' title="bbox 506 760 2055 843">
    <p class='ocr_par' dir='ltr' id='par_1_9' title="bbox 506 760 2055 843">
     <span class='ocr_line' id='line_1_9' title="bbox 506 760 2055 843; baseline -0.012 -17"><span class='ocrx_word' id='word_1_52' title='bbox 506 788 659 843; x_wconf 86' lang='lat' dir='ltr'><strong>quem</strong></span> <span class='ocrx_word' id='word_1_53' title='bbox 705 767 956 836; x_wconf 86' lang='lat' dir='ltr'><strong>singulari</strong></span> <span class='ocrx_word' id='word_1_54' title='bbox 1005 763 1249 816; x_wconf 88' lang='lat' dir='ltr'><strong>virtutum</strong></span> <span class='ocrx_word' id='word_1_55' title='bbox 1290 761 1482 816; x_wconf 82' lang='lat' dir='ltr'><strong>decore</strong></span> <span class='ocrx_word' id='word_1_56' title='bbox 1528 775 1736 829; x_wconf 78' lang='lat' dir='ltr'><strong>semper</strong></span> <span class='ocrx_word' id='word_1_57' title='bbox 1780 760 2055 824; x_wconf 81' lang='lat' dir='ltr'><strong>Oportebat</strong></span> 
     </span>
    </p>
   </div>
   <div class='ocr_carea' id='block_1_10' title="bbox 503 846 2055 930">
    <p class='ocr_par' dir='ltr' id='par_1_10' title="bbox 503 846 2055 930">
     <span class='ocr_line' id='line_1_10' title="bbox 503 846 2055 930; baseline -0.012 -12"><span class='ocrx_word' id='word_1_58' title='bbox 503 861 726 930; x_wconf 88' lang='lat' dir='ltr'><strong>accingi.</strong></span> <span class='ocrx_word' id='word_1_59' title='bbox 757 861 890 926; x_wconf 82' lang='lat' dir='ltr'><strong>Apte</strong></span> <span class='ocrx_word' id='word_1_60' title='bbox 918 854 1148 924; x_wconf 77' lang='lat' dir='ltr'><strong>pontifex</strong></span> <span class='ocrx_word' id='word_1_61' title='bbox 1178 856 1411 904; x_wconf 73' lang='lat' dir='ltr'><strong>variante</strong></span> <span class='ocrx_word' id='word_1_62' title='bbox 1437 851 1568 904; x_wconf 85' lang='lat' dir='ltr'><strong>flore</strong></span> <span class='ocrx_word' id='word_1_63' title='bbox 1592 851 1826 903; x_wconf 90' lang='lat' dir='ltr'><strong>colorum</strong></span> <span class='ocrx_word' id='word_1_64' title='bbox 1856 846 2055 915; x_wconf 79' lang='lat' dir='ltr'><strong>fulgen-</strong></span> 
     </span>
    </p>
   </div>
   <div class='ocr_carea' id='block_1_11' title="bbox 505 936 1940 1009">
    <p class='ocr_par' dir='ltr' id='par_1_11' title="bbox 505 936 1940 1009">
     <span class='ocr_line' id='line_1_11' title="bbox 505 936 1940 1009; baseline -0.015 -1"><span class='ocrx_word' id='word_1_65' title='bbox 505 957 631 1009; x_wconf 86' lang='lat' dir='ltr'><strong>tium</strong></span> <span class='ocrx_word' id='word_1_66' title='bbox 659 952 926 1004; x_wconf 83' lang='lat' dir='ltr'><strong>accinctus</strong></span> <span class='ocrx_word' id='word_1_67' title='bbox 951 944 1240 1002; x_wconf 81' lang='lat' dir='ltr'><strong>incedebat,</strong></span> <span class='ocrx_word' id='word_1_68' title='bbox 1271 942 1387 1008; x_wconf 87' lang='lat' dir='ltr'><strong>quia</strong></span> <span class='ocrx_word' id='word_1_69' title='bbox 1411 940 1542 993; x_wconf 89' lang='lat' dir='ltr'><strong>sicut</strong></span> <span class='ocrx_word' id='word_1_70' title='bbox 1568 939 1700 992; x_wconf 89' lang='lat' dir='ltr'><strong>alius</strong></span> <span class='ocrx_word' id='word_1_71' title='bbox 1725 936 1940 1005; x_wconf 67' lang='lat' dir='ltr'><strong>quilibet</strong></span> 
     </span>
    </p>
   </div>
   <div class='ocr_carea' id='block_1_12' title="bbox 501 1029 2056 1098">
    <p class='ocr_par' dir='ltr' id='par_1_12' title="bbox 501 1029 2056 1098">
     <span class='ocr_line' id='line_1_12' title="bbox 501 1029 2056 1098; baseline -0.013 -1"><span class='ocrx_word' id='word_1_72' title='bbox 501 1058 651 1098; x_wconf 83' lang='lat' dir='ltr'><strong>eesse</strong></span> <span class='ocrx_word' id='word_1_73' title='bbox 677 1051 756 1094; x_wconf 83' lang='lat' dir='ltr'><strong>est</strong></span> <span class='ocrx_word' id='word_1_74' title='bbox 792 1037 1042 1089; x_wconf 88' lang='lat' dir='ltr'><strong>industria</strong></span> <span class='ocrx_word' id='word_1_75' title='bbox 1073 1031 1408 1084; x_wconf 71' lang='lat' dir='ltr'><strong>continentia:</strong></span> <span class='ocrx_word' id='word_1_76' title='bbox 1440 1029 1806 1097; x_wconf 70' lang='lat' dir='ltr'><strong>prteeingatur,</strong></span> <span class='ocrx_word' id='word_1_77' title='bbox 1839 1041 1903 1079; x_wconf 91' lang='lat' dir='ltr'><strong>ne</strong></span> <span class='ocrx_word' id='word_1_78' title='bbox 1933 1040 2056 1078; x_wconf 89' lang='lat' dir='ltr'><strong>earo</strong></span> 
     </span>
    </p>
   </div>
   <div class='ocr_carea' id='block_1_13' title="bbox 504 1115 2056 1200">
    <p class='ocr_par' dir='ltr' id='par_1_13' title="bbox 504 1115 2056 1200">
     <span class='ocr_line' id='line_1_13' title="bbox 504 1115 2056 1200; baseline -0.011 -15"><span class='ocrx_word' id='word_1_79' title='bbox 504 1145 800 1200; x_wconf 80' lang='lat' dir='ltr'><strong>repugnans</strong></span> <span class='ocrx_word' id='word_1_80' title='bbox 828 1125 1031 1193; x_wconf 72' lang='lat' dir='ltr'><strong>spiritui</strong></span> <span class='ocrx_word' id='word_1_81' title='bbox 1065 1124 1326 1174; x_wconf 75' lang='lat' dir='ltr'><strong>inteream</strong></span> <span class='ocrx_word' id='word_1_82' title='bbox 1355 1119 1545 1172; x_wconf 81' lang='lat' dir='ltr'><strong>mentis</strong></span> <span class='ocrx_word' id='word_1_83' title='bbox 1576 1133 1754 1184; x_wconf 86' lang='lat' dir='ltr'><strong>pacem</strong></span> <span class='ocrx_word' id='word_1_84' title='bbox 1780 1115 2056 1184; x_wconf 88' lang='lat' dir='ltr'><strong>aliquando</strong></span> 
     </span>
    </p>
   </div>
   <div class='ocr_carea' id='block_1_14' title="bbox 505 1207 2056 1280">
    <p class='ocr_par' dir='ltr' id='par_1_14' title="bbox 505 1207 2056 1280">
     <span class='ocr_line' id='line_1_14' title="bbox 505 1207 2056 1280; baseline -0.009 -9"><span class='ocrx_word' id='word_1_85' title='bbox 505 1217 812 1279; x_wconf 84' lang='lat' dir='ltr'><strong>eonturbet;</strong></span> <span class='ocrx_word' id='word_1_86' title='bbox 851 1217 920 1278; x_wconf 89' lang='lat' dir='ltr'><strong>ita</strong></span> <span class='ocrx_word' id='word_1_87' title='bbox 953 1210 1184 1280; x_wconf 77' lang='lat' dir='ltr'><strong>pontifex</strong></span> <span class='ocrx_word' id='word_1_88' title='bbox 1228 1223 1288 1261; x_wconf 90' lang='lat' dir='ltr'><strong>ac</strong></span> <span class='ocrx_word' id='word_1_89' title='bbox 1318 1209 1500 1260; x_wconf 89' lang='lat' dir='ltr'><strong>doctor</strong></span> <span class='ocrx_word' id='word_1_90' title='bbox 1531 1207 1791 1269; x_wconf 90' lang='lat' dir='ltr'><strong>fidelium,</strong></span> <span class='ocrx_word' id='word_1_91' title='bbox 1828 1207 2056 1260; x_wconf 82' lang='lat' dir='ltr'><strong>edomito</strong></span> 
     </span>
    </p>
   </div>
   <div class='ocr_carea' id='block_1_15' title="bbox 502 1295 2057 1376">
    <p class='ocr_par' dir='ltr' id='par_1_15' title="bbox 502 1295 2057 1376">
     <span class='ocr_line' id='line_1_15' title="bbox 502 1295 2057 1376; baseline -0.007 -18"><span class='ocrx_word' id='word_1_92' title='bbox 502 1309 606 1376; x_wconf 77' lang='lat' dir='ltr'><strong>jam</strong></span> <span class='ocrx_word' id='word_1_93' title='bbox 638 1305 780 1358; x_wconf 81' lang='lat' dir='ltr'><strong>omni</strong></span> <span class='ocrx_word' id='word_1_94' title='bbox 818 1300 1210 1369; x_wconf 79' lang='lat' dir='ltr'><strong>cortrupiscibili</strong></span> <span class='ocrx_word' id='word_1_95' title='bbox 1259 1310 1398 1350; x_wconf 90' lang='lat' dir='ltr'><strong>tuotu</strong></span> <span class='ocrx_word' id='word_1_96' title='bbox 1445 1297 1605 1350; x_wconf 89' lang='lat' dir='ltr'><strong>animi</strong></span> <span class='ocrx_word' id='word_1_97' title='bbox 1650 1298 1759 1350; x_wconf 86' lang='lat' dir='ltr'><strong>sive</strong></span> <span class='ocrx_word' id='word_1_98' title='bbox 1799 1295 2057 1363; x_wconf 83' lang='lat' dir='ltr'><strong>corporis,</strong></span> 
     </span>
    </p>
   </div>
   <div class='ocr_carea' id='block_1_16' title="bbox 507 1388 2053 1463">
    <p class='ocr_par' dir='ltr' id='par_1_16' title="bbox 507 1388 2053 1463">
     <span class='ocr_line' id='line_1_16' title="bbox 507 1388 2053 1463; baseline -0.006 -14"><span class='ocrx_word' id='word_1_99' title='bbox 507 1399 615 1463; x_wconf 85' lang='lat' dir='ltr'><strong>ipsa</strong></span> <span class='ocrx_word' id='word_1_100' title='bbox 636 1398 885 1449; x_wconf 88' lang='lat' dir='ltr'><strong>virtutum</strong></span> <span class='ocrx_word' id='word_1_101' title='bbox 909 1394 1072 1461; x_wconf 82' lang='lat' dir='ltr'><strong>gloria</strong></span> <span class='ocrx_word' id='word_1_102' title='bbox 1096 1390 1248 1442; x_wconf 77' lang='lat' dir='ltr'><strong>debet</strong></span> <span class='ocrx_word' id='word_1_103' title='bbox 1274 1388 1605 1453; x_wconf 80' lang='lat' dir='ltr'><strong>circumdari,</strong></span> <span class='ocrx_word' id='word_1_104' title='bbox 1632 1398 1686 1440; x_wconf 83' lang='grc' dir='ltr'><strong>ιιι</strong></span> <span class='ocrx_word' id='word_1_105' title='bbox 1703 1389 1853 1456; x_wconf 79' lang='lat' dir='ltr'><strong>juxta</strong></span> <span class='ocrx_word' id='word_1_106' title='bbox 1878 1404 2053 1441; x_wconf 78' lang='lat' dir='ltr'><strong>exent-</strong></span> 
     </span>
    </p>
   </div>
   <div class='ocr_carea' id='block_1_17' title="bbox 506 1479 2058 1552">
    <p class='ocr_par' dir='ltr' id='par_1_17' title="bbox 506 1479 2058 1552">
     <span class='ocr_line' id='line_1_17' title="bbox 506 1479 2058 1552; baseline -0.002 -17"><span class='ocrx_word' id='word_1_107' title='bbox 506 1489 646 1552; x_wconf 84' lang='lat' dir='ltr'><strong>plum</strong></span> <span class='ocrx_word' id='word_1_108' title='bbox 679 1489 818 1540; x_wconf 83' lang='lat' dir='ltr'><strong>ﬂoris</strong></span> <span class='ocrx_word' id='word_1_109' title='bbox 850 1486 990 1538; x_wconf 90' lang='lat' dir='ltr'><strong>illius</strong></span> <span class='ocrx_word' id='word_1_110' title='bbox 1019 1484 1106 1550; x_wconf 89' lang='lat' dir='ltr'><strong>qui</strong></span> <span class='ocrx_word' id='word_1_111' title='bbox 1135 1497 1377 1549; x_wconf 89' lang='lat' dir='ltr'><strong>egressus</strong></span> <span class='ocrx_word' id='word_1_112' title='bbox 1404 1491 1483 1534; x_wconf 87' lang='lat' dir='ltr'><strong>est</strong></span> <span class='ocrx_word' id='word_1_113' title='bbox 1514 1484 1577 1534; x_wconf 91' lang='lat' dir='ltr'><strong>de</strong></span> <span class='ocrx_word' id='word_1_114' title='bbox 1604 1483 1778 1534; x_wconf 85' lang='lat' dir='ltr'><strong>radice</strong></span> <span class='ocrx_word' id='word_1_115' title='bbox 1807 1480 1976 1544; x_wconf 81' lang='lat' dir='ltr'><strong>Jesse,</strong></span> <span class='ocrx_word' id='word_1_116' title='bbox 2008 1479 2058 1533; x_wconf 93' lang='lat' dir='ltr'><strong>id</strong></span> 
     </span>
    </p>
   </div>
   <div class='ocr_carea' id='block_1_18' title="bbox 506 1571 2058 1640">
    <p class='ocr_par' dir='ltr' id='par_1_18' title="bbox 506 1571 2058 1640">
     <span class='ocr_line' id='line_1_18' title="bbox 506 1571 2058 1640; baseline -0.006 -11"><span class='ocrx_word' id='word_1_117' title='bbox 506 1576 708 1630; x_wconf 86' lang='lat' dir='ltr'><strong>Domitii</strong></span> <span class='ocrx_word' id='word_1_118' title='bbox 747 1573 1038 1628; x_wconf 82' lang='lat' dir='ltr'><strong>Salvatoris</strong></span> <span class='ocrx_word' id='word_1_119' title='bbox 1079 1574 1147 1625; x_wconf 87' lang='lat' dir='ltr'><strong>sit</strong></span> <span class='ocrx_word' id='word_1_120' title='bbox 1182 1573 1414 1639; x_wconf 75' lang='lat' dir='ltr'><strong>ju5titia,</strong></span> <span class='ocrx_word' id='word_1_121' title='bbox 1455 1571 1719 1640; x_wconf 87' lang='lat' dir='ltr'><strong>cingulum</strong></span> <span class='ocrx_word' id='word_1_122' title='bbox 1763 1571 2058 1622; x_wconf 85' lang='lat' dir='ltr'><strong>lumborum</strong></span> 
     </span>
    </p>
   </div>
   <div class='ocr_carea' id='block_1_19' title="bbox 505 1659 2056 1738">
    <p class='ocr_par' dir='ltr' id='par_1_19' title="bbox 505 1659 2056 1738">
     <span class='ocr_line' id='line_1_19' title="bbox 505 1659 2056 1738; baseline -0.007 -16"><span class='ocrx_word' id='word_1_123' title='bbox 505 1669 644 1738; x_wconf 87' lang='lat' dir='ltr'><strong>ejus,</strong></span> <span class='ocrx_word' id='word_1_124' title='bbox 676 1678 727 1720; x_wconf 90' lang='lat' dir='ltr'><strong>et</strong></span> <span class='ocrx_word' id='word_1_125' title='bbox 758 1667 887 1719; x_wconf 82' lang='lat' dir='ltr'><strong>fides</strong></span> <span class='ocrx_word' id='word_1_126' title='bbox 917 1665 1226 1716; x_wconf 91' lang='lat' dir='ltr'><strong>ciucturium</strong></span> <span class='ocrx_word' id='word_1_127' title='bbox 1259 1677 1437 1716; x_wconf 86' lang='lat' dir='ltr'><strong>renum</strong></span> <span class='ocrx_word' id='word_1_128' title='bbox 1470 1662 1604 1729; x_wconf 76' lang='lat' dir='ltr'><strong>ejus.</strong></span> <span class='ocrx_word' id='word_1_129' title='bbox 1640 1659 1852 1713; x_wconf 78' lang='lat' dir='ltr'><strong>Tunica:</strong></span> <span class='ocrx_word' id='word_1_130' title='bbox 1884 1669 2056 1712; x_wconf 89' lang='lat' dir='ltr'><strong>autem</strong></span> 
     </span>
    </p>
   </div>
   <div class='ocr_carea' id='block_1_20' title="bbox 505 1749 2056 1822">
    <p class='ocr_par' dir='ltr' id='par_1_20' title="bbox 505 1749 2056 1822">
     <span class='ocr_line' id='line_1_20' title="bbox 505 1749 2056 1822; baseline -0.006 -10"><span class='ocrx_word' id='word_1_131' title='bbox 505 1761 676 1822; x_wconf 69' lang='lat' dir='ltr'><strong>lineae,</strong></span> <span class='ocrx_word' id='word_1_132' title='bbox 706 1769 757 1810; x_wconf 91' lang='lat' dir='ltr'><strong>et</strong></span> <span class='ocrx_word' id='word_1_133' title='bbox 788 1757 942 1809; x_wconf 87' lang='lat' dir='ltr'><strong>baltei</strong></span> <span class='ocrx_word' id='word_1_134' title='bbox 971 1769 1031 1808; x_wconf 88' lang='lat' dir='ltr'><strong>ac</strong></span> <span class='ocrx_word' id='word_1_135' title='bbox 1059 1754 1223 1817; x_wconf 57' lang='lat' dir='ltr'><strong>tiara‘,</strong></span> <span class='ocrx_word' id='word_1_136' title='bbox 1251 1766 1386 1820; x_wconf 64' lang='lat' dir='ltr'><strong>qua),</strong></span> <span class='ocrx_word' id='word_1_137' title='bbox 1412 1752 1529 1805; x_wconf 76' lang='lat' dir='ltr'><strong>liiiis</strong></span> <span class='ocrx_word' id='word_1_138' title='bbox 1557 1751 1732 1803; x_wconf 78' lang='lat' dir='ltr'><strong>Aaron</strong></span> <span class='ocrx_word' id='word_1_139' title='bbox 1765 1749 1814 1803; x_wconf 91' lang='lat' dir='ltr'><strong>in</strong></span> <span class='ocrx_word' id='word_1_140' title='bbox 1839 1749 2056 1818; x_wconf 78' lang='lat' dir='ltr'><strong>gloriam</strong></span> 
     </span>
    </p>
   </div>
   <div class='ocr_carea' id='block_1_21' title="bbox 506 1838 2055 1909">
    <p class='ocr_par' dir='ltr' id='par_1_21' title="bbox 506 1838 2055 1909">
     <span class='ocr_line' id='line_1_21' title="bbox 506 1838 2055 1909; baseline -0.006 -10"><span class='ocrx_word' id='word_1_141' title='bbox 506 1858 559 1899; x_wconf 88' lang='lat' dir='ltr'><strong>et</strong></span> <span class='ocrx_word' id='word_1_142' title='bbox 595 1846 837 1899; x_wconf 89' lang='lat' dir='ltr'><strong>decorem</strong></span> <span class='ocrx_word' id='word_1_143' title='bbox 878 1841 990 1896; x_wconf 89' lang='lat' dir='ltr'><strong>fieri</strong></span> <span class='ocrx_word' id='word_1_144' title='bbox 1029 1850 1286 1909; x_wconf 67' lang='lat' dir='ltr'><strong>praecepta</strong></span> <span class='ocrx_word' id='word_1_145' title='bbox 1325 1847 1468 1904; x_wconf 89' lang='lat' dir='ltr'><strong>sunt,</strong></span> <span class='ocrx_word' id='word_1_146' title='bbox 1510 1838 1631 1907; x_wconf 89' lang='lat' dir='ltr'><strong>qttid</strong></span> <span class='ocrx_word' id='word_1_147' title='bbox 1675 1838 1825 1890; x_wconf 90' lang='lat' dir='ltr'><strong>nobis</strong></span> <span class='ocrx_word' id='word_1_148' title='bbox 1867 1838 2055 1890; x_wconf 90' lang='lat' dir='ltr'><strong>interni</strong></span> 
     </span>
    </p>
   </div>
   <div class='ocr_carea' id='block_1_22' title="bbox 505 1924 2058 2000">
    <p class='ocr_par' dir='ltr' id='par_1_22' title="bbox 505 1924 2058 2000">
     <span class='ocr_line' id='line_1_22' title="bbox 505 1924 2058 2000; baseline -0.006 -13"><span class='ocrx_word' id='word_1_149' title='bbox 505 1936 707 1989; x_wconf 79' lang='lat' dir='ltr'><strong>decoris</strong></span> <span class='ocrx_word' id='word_1_150' title='bbox 737 1943 789 1987; x_wconf 89' lang='lat' dir='ltr'><strong>et</strong></span> <span class='ocrx_word' id='word_1_151' title='bbox 817 1933 998 2000; x_wconf 58' lang='lat' dir='ltr'><strong>gloria:</strong></span> <span class='ocrx_word' id='word_1_152' title='bbox 1025 1929 1429 1992; x_wconf 89' lang='lat' dir='ltr'><strong>commendent,</strong></span> <span class='ocrx_word' id='word_1_153' title='bbox 1463 1927 1708 1980; x_wconf 87' lang='lat' dir='ltr'><strong>facillime</strong></span> <span class='ocrx_word' id='word_1_154' title='bbox 1739 1941 1800 1979; x_wconf 80' lang='lat' dir='ltr'><strong>ex</strong></span> <span class='ocrx_word' id='word_1_155' title='bbox 1833 1924 1912 1978; x_wconf 91' lang='lat' dir='ltr'><strong>bis</strong></span> <span class='ocrx_word' id='word_1_156' title='bbox 1941 1939 2058 1992; x_wconf 71' lang='lat' dir='ltr'><strong>qua:</strong></span> 
     </span>
    </p>
   </div>
   <div class='ocr_carea' id='block_1_23' title="bbox 505 2017 2060 2096">
    <p class='ocr_par' dir='ltr' id='par_1_23' title="bbox 505 2017 2060 2096">
     <span class='ocr_line' id='line_1_23' title="bbox 505 2017 2060 2096; baseline -0.006 -16"><span class='ocrx_word' id='word_1_157' title='bbox 505 2029 741 2096; x_wconf 88' lang='lat' dir='ltr'><strong>superius</strong></span> <span class='ocrx_word' id='word_1_158' title='bbox 772 2024 1011 2092; x_wconf 81' lang='lat' dir='ltr'><strong>exposita</strong></span> <span class='ocrx_word' id='word_1_159' title='bbox 1042 2031 1183 2087; x_wconf 90' lang='lat' dir='ltr'><strong>sunt,</strong></span> <span class='ocrx_word' id='word_1_160' title='bbox 1216 2019 1434 2088; x_wconf 61' lang='lat' dir='ltr'><strong>intell&#39;gi</strong></span> <span class='ocrx_word' id='word_1_161' title='bbox 1465 2019 1625 2072; x_wconf 78' lang='lat' dir='ltr'><strong>Valet.</strong></span> <span class='ocrx_word' id='word_1_162' title='bbox 1657 2017 1883 2071; x_wconf 83' lang='lat' dir='ltr'><strong>Tunicas</strong></span> <span class='ocrx_word' id='word_1_163' title='bbox 1912 2034 2060 2070; x_wconf 90' lang='lat' dir='ltr'><strong>nam-</strong></span> 
     </span>
    </p>
   </div>
   <div class='ocr_carea' id='block_1_24' title="bbox 496 2112 2060 2189">
    <p class='ocr_par' dir='ltr' id='par_1_24' title="bbox 496 2112 2060 2189">
     <span class='ocr_line' id='line_1_24' title="bbox 496 2112 2060 2189; baseline -0.004 -20"><span class='ocrx_word' id='word_1_164' title='bbox 496 2134 606 2189; x_wconf 86' lang='lat' dir='ltr'><strong>que</strong></span> <span class='ocrx_word' id='word_1_165' title='bbox 649 2117 842 2175; x_wconf 82' lang='lat' dir='ltr'><strong>habent</strong></span> <span class='ocrx_word' id='word_1_166' title='bbox 891 2115 1192 2168; x_wconf 84' lang='lat' dir='ltr'><strong>sacerdotes</strong></span> <span class='ocrx_word' id='word_1_167' title='bbox 1240 2112 1442 2174; x_wconf 86' lang='lat' dir='ltr'><strong>lineas,</strong></span> <span class='ocrx_word' id='word_1_168' title='bbox 1493 2125 1610 2163; x_wconf 89' lang='lat' dir='ltr'><strong>cum</strong></span> <span class='ocrx_word' id='word_1_169' title='bbox 1657 2119 1820 2162; x_wconf 84' lang='lat' dir='ltr'><strong>totum</strong></span> <span class='ocrx_word' id='word_1_170' title='bbox 1870 2123 2060 2177; x_wconf 90' lang='lat' dir='ltr'><strong>corpus</strong></span> 
     </span>
    </p>
   </div>
   <div class='ocr_carea' id='block_1_25' title="bbox 504 2200 2060 2264">
    <p class='ocr_par' dir='ltr' id='par_1_25' title="bbox 504 2200 2060 2264">
     <span class='ocr_line' id='line_1_25' title="bbox 504 2200 2060 2264; baseline -0.006 -1"><span class='ocrx_word' id='word_1_171' title='bbox 504 2224 656 2264; x_wconf 91' lang='lat' dir='ltr'><strong>suum</strong></span> <span class='ocrx_word' id='word_1_172' title='bbox 685 2205 901 2261; x_wconf 89' lang='lat' dir='ltr'><strong>candori</strong></span> <span class='ocrx_word' id='word_1_173' title='bbox 928 2204 1184 2257; x_wconf 87' lang='lat' dir='ltr'><strong>castitatis</strong></span> <span class='ocrx_word' id='word_1_174' title='bbox 1214 2201 1480 2255; x_wconf 87' lang='lat' dir='ltr'><strong>dedicant.</strong></span> <span class='ocrx_word' id='word_1_175' title='bbox 1512 2200 1699 2253; x_wconf 60' lang='lat' dir='ltr'><strong>Bafteis</strong></span> <span class='ocrx_word' id='word_1_176' title='bbox 1725 2201 1925 2254; x_wconf 82' lang='lat' dir='ltr'><strong>tunicas</strong></span> <span class='ocrx_word' id='word_1_177' title='bbox 1950 2200 2060 2254; x_wconf 88' lang='lat' dir='ltr'><strong>cin-</strong></span> 
     </span>
    </p>
   </div>
   <div class='ocr_carea' id='block_1_26' title="bbox 507 2293 2060 2367">
    <p class='ocr_par' dir='ltr' id='par_1_26' title="bbox 507 2293 2060 2367">
     <span class='ocr_line' id='line_1_26' title="bbox 507 2293 2060 2367; baseline -0.003 -14"><span class='ocrx_word' id='word_1_178' title='bbox 507 2307 652 2367; x_wconf 85' lang='lat' dir='ltr'><strong>gunt,</strong></span> <span class='ocrx_word' id='word_1_179' title='bbox 703 2312 823 2352; x_wconf 91' lang='lat' dir='ltr'><strong>cutn</strong></span> <span class='ocrx_word' id='word_1_180' title='bbox 875 2296 1113 2350; x_wconf 84' lang='lat' dir='ltr'><strong>eamdem</strong></span> <span class='ocrx_word' id='word_1_181' title='bbox 1164 2294 1524 2348; x_wconf 84' lang='lat' dir='ltr'><strong>castimoniam</strong></span> <span class='ocrx_word' id='word_1_182' title='bbox 1579 2293 1813 2362; x_wconf 76' lang='lat' dir='ltr'><strong>vigilanti</strong></span> <span class='ocrx_word' id='word_1_183' title='bbox 1871 2296 2060 2348; x_wconf 90' lang='lat' dir='ltr'><strong>mentis</strong></span> 
     </span>
    </p>
   </div>
   <div class='ocr_carea' id='block_1_27' title="bbox 511 2381 2062 2451">
    <p class='ocr_par' dir='ltr' id='par_1_27' title="bbox 511 2381 2062 2451">
     <span class='ocr_line' id='line_1_27' title="bbox 511 2381 2062 2451; baseline -0.005 -9"><span class='ocrx_word' id='word_1_184' title='bbox 511 2381 744 2442; x_wconf 81' lang='lat' dir='ltr'><strong>custodia</strong></span> <span class='ocrx_word' id='word_1_185' title='bbox 785 2384 1248 2451; x_wconf 81' lang='lat' dir='ltr'><strong>circumspiciunt,</strong></span> <span class='ocrx_word' id='word_1_186' title='bbox 1287 2399 1352 2438; x_wconf 90' lang='lat' dir='ltr'><strong>ne</strong></span> <span class='ocrx_word' id='word_1_187' title='bbox 1386 2383 1706 2437; x_wconf 89' lang='lat' dir='ltr'><strong>conscientia</strong></span> <span class='ocrx_word' id='word_1_188' title='bbox 1747 2385 1885 2436; x_wconf 91' lang='lat' dir='ltr'><strong>illius</strong></span> <span class='ocrx_word' id='word_1_189' title='bbox 1921 2384 2062 2436; x_wconf 89' lang='lat' dir='ltr'><strong>desi-</strong></span> 
     </span>
    </p>
   </div>
   <div class='ocr_carea' id='block_1_28' title="bbox 509 2473 2061 2544">
    <p class='ocr_par' dir='ltr' id='par_1_28' title="bbox 509 2473 2061 2544">
     <span class='ocr_line' id='line_1_28' title="bbox 509 2473 2061 2544; baseline -0.005 -13"><span class='ocrx_word' id='word_1_190' title='bbox 509 2478 764 2531; x_wconf 89' lang='lat' dir='ltr'><strong>diosiores</strong></span> <span class='ocrx_word' id='word_1_191' title='bbox 818 2491 939 2544; x_wconf 89' lang='lat' dir='ltr'><strong>erga</strong></span> <span class='ocrx_word' id='word_1_192' title='bbox 1001 2475 1253 2528; x_wconf 89' lang='lat' dir='ltr'><strong>bonorum</strong></span> <span class='ocrx_word' id='word_1_193' title='bbox 1309 2487 1528 2539; x_wconf 86' lang='lat' dir='ltr'><strong>operum</strong></span> <span class='ocrx_word' id='word_1_194' title='bbox 1585 2473 1838 2525; x_wconf 79' lang='lat' dir='ltr'><strong>exercitia</strong></span> <span class='ocrx_word' id='word_1_195' title='bbox 1887 2487 2061 2525; x_wconf 81' lang='lat' dir='ltr'><strong>rema-</strong></span> 
     </span>
    </p>
   </div>
   <div class='ocr_carea' id='block_1_29' title="bbox 511 2561 2060 2632">
    <p class='ocr_par' dir='ltr' id='par_1_29' title="bbox 511 2561 2060 2632">
     <span class='ocr_line' id='line_1_29' title="bbox 511 2561 2060 2632; baseline -0.003 -12"><span class='ocrx_word' id='word_1_196' title='bbox 511 2579 700 2630; x_wconf 86' lang='lat' dir='ltr'><strong>neant,</strong></span> <span class='ocrx_word' id='word_1_197' title='bbox 743 2581 807 2618; x_wconf 92' lang='lat' dir='ltr'><strong>ne</strong></span> <span class='ocrx_word' id='word_1_198' title='bbox 846 2580 938 2632; x_wconf 89' lang='lat' dir='ltr'><strong>per</strong></span> <span class='ocrx_word' id='word_1_199' title='bbox 972 2564 1272 2632; x_wconf 82' lang='lat' dir='ltr'><strong>jactantiam</strong></span> <span class='ocrx_word' id='word_1_200' title='bbox 1312 2561 1664 2624; x_wconf 77' lang='lat' dir='ltr'><strong>castimonize,</strong></span> <span class='ocrx_word' id='word_1_201' title='bbox 1707 2563 1868 2628; x_wconf 87' lang='lat' dir='ltr'><strong>ipsius</strong></span> <span class='ocrx_word' id='word_1_202' title='bbox 1905 2564 2060 2616; x_wconf 87' lang='lat' dir='ltr'><strong>etiam</strong></span> 
     </span>
    </p>
   </div>
   <div class='ocr_carea' id='block_1_30' title="bbox 510 2651 2061 2719">
    <p class='ocr_par' dir='ltr' id='par_1_30' title="bbox 510 2651 2061 2719">
     <span class='ocr_line' id='line_1_30' title="bbox 510 2651 2061 2719; baseline -0.003 -8"><span class='ocrx_word' id='word_1_203' title='bbox 510 2656 834 2711; x_wconf 77' lang='lat' dir='ltr'><strong>castimOnia:</strong></span> <span class='ocrx_word' id='word_1_204' title='bbox 867 2651 1110 2706; x_wconf 70' lang='lat' dir='ltr'><strong>meritum</strong></span> <span class='ocrx_word' id='word_1_205' title='bbox 1147 2651 1383 2719; x_wconf 86' lang='lat' dir='ltr'><strong>perdant.</strong></span> <span class='ocrx_word' id='word_1_206' title='bbox 1414 2651 1511 2715; x_wconf 86' lang='lat' dir='ltr'><strong>Qui</strong></span> <span class='ocrx_word' id='word_1_207' title='bbox 1541 2652 1678 2703; x_wconf 88' lang='lat' dir='ltr'><strong>enim</strong></span> <span class='ocrx_word' id='word_1_208' title='bbox 1712 2655 1881 2706; x_wconf 91' lang='lat' dir='ltr'><strong>tunica</strong></span> <span class='ocrx_word' id='word_1_209' title='bbox 1915 2652 2061 2706; x_wconf 76' lang='lat' dir='ltr'><strong>talari</strong></span> 
     </span>
    </p>
   </div>
   <div class='ocr_carea' id='block_1_31' title="bbox 513 2741 2062 2812">
    <p class='ocr_par' dir='ltr' id='par_1_31' title="bbox 513 2741 2062 2812">
     <span class='ocr_line' id='line_1_31' title="bbox 513 2741 2062 2812; baseline 0 -12"><span class='ocrx_word' id='word_1_210' title='bbox 513 2748 724 2801; x_wconf 69' lang='lat' dir='ltr'><strong>indutus</strong></span> <span class='ocrx_word' id='word_1_211' title='bbox 754 2746 951 2812; x_wconf 87' lang='lat' dir='ltr'><strong>absque</strong></span> <span class='ocrx_word' id='word_1_212' title='bbox 977 2743 1186 2810; x_wconf 86' lang='lat' dir='ltr'><strong>cingulo</strong></span> <span class='ocrx_word' id='word_1_213' title='bbox 1217 2742 1428 2803; x_wconf 82' lang='lat' dir='ltr'><strong>incedit.</strong></span> <span class='ocrx_word' id='word_1_214' title='bbox 1457 2741 1638 2795; x_wconf 87' lang='lat' dir='ltr'><strong>defluit</strong></span> <span class='ocrx_word' id='word_1_215' title='bbox 1670 2747 1862 2808; x_wconf 89' lang='lat' dir='ltr'><strong>tunica,</strong></span> <span class='ocrx_word' id='word_1_216' title='bbox 1891 2760 1950 2798; x_wconf 92' lang='lat' dir='ltr'><strong>ac</strong></span> <span class='ocrx_word' id='word_1_217' title='bbox 1981 2760 2062 2800; x_wconf 91' lang='lat' dir='ltr'><strong>re-</strong></span> 
     </span>
    </p>
   </div>
   <div class='ocr_carea' id='block_1_32' title="bbox 510 2833 2057 2906">
    <p class='ocr_par' dir='ltr' id='par_1_32' title="bbox 510 2833 2057 2906">
     <span class='ocr_line' id='line_1_32' title="bbox 510 2833 2057 2906; baseline 0.002 -18"><span class='ocrx_word' id='word_1_218' title='bbox 510 2837 634 2888; x_wconf 81' lang='lat' dir='ltr'><strong>licto</strong></span> <span class='ocrx_word' id='word_1_219' title='bbox 677 2850 898 2904; x_wconf 91' lang='lat' dir='ltr'><strong>corpore</strong></span> <span class='ocrx_word' id='word_1_220' title='bbox 949 2833 1116 2887; x_wconf 86' lang='lat' dir='ltr'><strong>ventis</strong></span> <span class='ocrx_word' id='word_1_221' title='bbox 1154 2841 1206 2886; x_wconf 91' lang='lat' dir='ltr'><strong>et</strong></span> <span class='ocrx_word' id='word_1_222' title='bbox 1246 2833 1527 2902; x_wconf 80' lang='lat' dir='ltr'><strong>frigoribus</strong></span> <span class='ocrx_word' id='word_1_223' title='bbox 1569 2835 1794 2889; x_wconf 74' lang='lat' dir='ltr'><strong>intrandi</strong></span> <span class='ocrx_word' id='word_1_224' title='bbox 1836 2839 2057 2906; x_wconf 88' lang='lat' dir='ltr'><strong>spatium</strong></span> 
     </span>
    </p>
   </div>
   <div class='ocr_carea' id='block_1_33' title="bbox 509 2920 2060 2993">
    <p class='ocr_par' dir='ltr' id='par_1_33' title="bbox 509 2920 2060 2993">
     <span class='ocr_line' id='line_1_33' title="bbox 509 2920 2060 2993; baseline 0.001 -15"><span class='ocrx_word' id='word_1_225' title='bbox 509 2925 720 2987; x_wconf 84' lang='lat' dir='ltr'><strong>tribuit;</strong></span> <span class='ocrx_word' id='word_1_226' title='bbox 750 2924 872 2993; x_wconf 86' lang='lat' dir='ltr'><strong>quin</strong></span> <span class='ocrx_word' id='word_1_227' title='bbox 900 2932 949 2976; x_wconf 92' lang='lat' dir='ltr'><strong>et</strong></span> <span class='ocrx_word' id='word_1_228' title='bbox 984 2920 1280 2990; x_wconf 70' lang='lat' dir='ltr'><strong>prmpeditis</strong></span> <span class='ocrx_word' id='word_1_229' title='bbox 1309 2924 1573 2990; x_wconf 78' lang='lat' dir='ltr'><strong>greSsibus</strong></span> <span class='ocrx_word' id='word_1_230' title='bbox 1605 2926 1879 2981; x_wconf 86' lang='lat' dir='ltr'><strong>incedendi</strong></span> <span class='ocrx_word' id='word_1_231' title='bbox 1912 2944 2060 2981; x_wconf 82' lang='lat' dir='ltr'><strong>usum</strong></span> 
     </span>
    </p>
   </div>
   <div class='ocr_carea' id='block_1_34' title="bbox 511 3010 2060 3075">
    <p class='ocr_par' dir='ltr' id='par_1_34' title="bbox 511 3010 2060 3075">
     <span class='ocr_line' id='line_1_34' title="bbox 511 3010 2060 3075; baseline -0.001 -6"><span class='ocrx_word' id='word_1_232' title='bbox 511 3016 768 3075; x_wconf 85' lang='lat' dir='ltr'><strong>retardat;</strong></span> <span class='ocrx_word' id='word_1_233' title='bbox 821 3015 900 3065; x_wconf 87' lang='lat' dir='ltr'><strong>vel</strong></span> <span class='ocrx_word' id='word_1_234' title='bbox 949 3010 1107 3064; x_wconf 84' lang='lat' dir='ltr'><strong>etiam</strong></span> <span class='ocrx_word' id='word_1_235' title='bbox 1152 3012 1474 3066; x_wconf 73' lang='lat' dir='ltr'><strong>calcantibus</strong></span> <span class='ocrx_word' id='word_1_236' title='bbox 1525 3031 1582 3067; x_wconf 91' lang='lat' dir='ltr'><strong>sc</strong></span> <span class='ocrx_word' id='word_1_237' title='bbox 1632 3032 1787 3070; x_wconf 87' lang='lat' dir='ltr'><strong>causa</strong></span> <span class='ocrx_word' id='word_1_238' title='bbox 1837 3017 2060 3070; x_wconf 88' lang='lat' dir='ltr'><strong>efficitur</strong></span> 
     </span>
    </p>
   </div>
   <div class='ocr_carea' id='block_1_35' title="bbox 517 3100 2062 3173">
    <p class='ocr_par' dir='ltr' id='par_1_35' title="bbox 517 3100 2062 3173">
     <span class='ocr_line' id='line_1_35' title="bbox 517 3100 2062 3173; baseline 0.003 -17"><span class='ocrx_word' id='word_1_239' title='bbox 517 3105 699 3156; x_wconf 57' lang='lat' dir='ltr'><strong>ruinas.</strong></span> <span class='ocrx_word' id='word_1_240' title='bbox 735 3102 822 3156; x_wconf 89' lang='lat' dir='ltr'><strong>Sic</strong></span> <span class='ocrx_word' id='word_1_241' title='bbox 853 3100 1096 3154; x_wconf 80' lang='lat' dir='ltr'><strong>nimirum</strong></span> <span class='ocrx_word' id='word_1_242' title='bbox 1128 3103 1433 3156; x_wconf 89' lang='lat' dir='ltr'><strong>castimonia</strong></span> <span class='ocrx_word' id='word_1_243' title='bbox 1461 3107 1632 3158; x_wconf 90' lang='lat' dir='ltr'><strong>carnis</strong></span> <span class='ocrx_word' id='word_1_244' title='bbox 1666 3124 1804 3173; x_wconf 54' lang='lat' dir='ltr'><strong>saepe</strong></span> <span class='ocrx_word' id='word_1_245' title='bbox 1836 3110 2062 3160; x_wconf 84' lang='lat' dir='ltr'><strong>nonnul-</strong></span> 
     </span>
    </p>
   </div>
   <div class='ocr_carea' id='block_1_36' title="bbox 514 3192 2064 3267">
    <p class='ocr_par' dir='ltr' id='par_1_36' title="bbox 514 3192 2064 3267">
     <span class='ocr_line' id='line_1_36' title="bbox 514 3192 2064 3267; baseline 0.003 -18"><span class='ocrx_word' id='word_1_246' title='bbox 514 3197 575 3249; x_wconf 91' lang='lat' dir='ltr'><strong>lis</strong></span> <span class='ocrx_word' id='word_1_247' title='bbox 621 3192 984 3248; x_wconf 83' lang='lat' dir='ltr'><strong>castintoniam</strong></span> <span class='ocrx_word' id='word_1_248' title='bbox 1027 3193 1197 3247; x_wconf 90' lang='lat' dir='ltr'><strong>cordis</strong></span> <span class='ocrx_word' id='word_1_249' title='bbox 1240 3193 1456 3258; x_wconf 84' lang='lat' dir='ltr'><strong>adimit,</strong></span> <span class='ocrx_word' id='word_1_250' title='bbox 1501 3210 1619 3248; x_wconf 91' lang='lat' dir='ltr'><strong>cum</strong></span> <span class='ocrx_word' id='word_1_251' title='bbox 1668 3206 1810 3250; x_wconf 84' lang='lat' dir='ltr'><strong>tanto</strong></span> <span class='ocrx_word' id='word_1_252' title='bbox 1851 3199 2064 3267; x_wconf 82' lang='lat' dir='ltr'><strong>segnius</strong></span> 
     </span>
    </p>
   </div>
   <div class='ocr_carea' id='block_1_37' title="bbox 514 3283 2063 3356">
    <p class='ocr_par' dir='ltr' id='par_1_37' title="bbox 514 3283 2063 3356">
     <span class='ocr_line' id='line_1_37' title="bbox 514 3283 2063 3356; baseline 0.002 -17"><span class='ocrx_word' id='word_1_253' title='bbox 514 3287 664 3339; x_wconf 87' lang='lat' dir='ltr'><strong>bonis</strong></span> <span class='ocrx_word' id='word_1_254' title='bbox 705 3283 946 3338; x_wconf 87' lang='lat' dir='ltr'><strong>insistere</strong></span> <span class='ocrx_word' id='word_1_255' title='bbox 982 3284 1228 3350; x_wconf 90' lang='lat' dir='ltr'><strong>operibus</strong></span> <span class='ocrx_word' id='word_1_256' title='bbox 1273 3295 1489 3347; x_wconf 87' lang='lat' dir='ltr'><strong>curant,</strong></span> <span class='ocrx_word' id='word_1_257' title='bbox 1521 3297 1717 3353; x_wconf 90' lang='lat' dir='ltr'><strong>quanto</strong></span> <span class='ocrx_word' id='word_1_258' title='bbox 1748 3289 1916 3341; x_wconf 90' lang='lat' dir='ltr'><strong>minus</strong></span> <span class='ocrx_word' id='word_1_259' title='bbox 1950 3305 2063 3356; x_wconf 87' lang='lat' dir='ltr'><strong>per-</strong></span> 
     </span>
    </p>
   </div>
   <div class='ocr_carea' id='block_1_38' title="bbox 513 3372 2060 3443">
    <p class='ocr_par' dir='ltr' id='par_1_38' title="bbox 513 3372 2060 3443">
     <span class='ocr_line' id='line_1_38' title="bbox 513 3372 2060 3443; baseline 0.003 -16"><span class='ocrx_word' id='word_1_260' title='bbox 513 3376 760 3443; x_wconf 84' lang='lat' dir='ltr'><strong>spiciunt,</strong></span> <span class='ocrx_word' id='word_1_261' title='bbox 781 3376 896 3443; x_wconf 82' lang='lat' dir='ltr'><strong>quia</strong></span> <span class='ocrx_word' id='word_1_262' title='bbox 923 3372 992 3426; x_wconf 90' lang='lat' dir='ltr'><strong>nil</strong></span> <span class='ocrx_word' id='word_1_263' title='bbox 1017 3374 1341 3427; x_wconf 62' lang='lat' dir='ltr'><strong>eastimoniaa</strong></span> <span class='ocrx_word' id='word_1_264' title='bbox 1363 3376 1597 3428; x_wconf 91' lang='lat' dir='ltr'><strong>custodia</strong></span> <span class='ocrx_word' id='word_1_265' title='bbox 1625 3377 1820 3442; x_wconf 85' lang='lat' dir='ltr'><strong>absque</strong></span> <span class='ocrx_word' id='word_1_266' title='bbox 1841 3378 2060 3431; x_wconf 87' lang='lat' dir='ltr'><strong>alioruut</strong></span> 
     </span>
    </p>
   </div>
   <div class='ocr_carea' id='block_1_39' title="bbox 515 3463 2064 3536">
    <p class='ocr_par' dir='ltr' id='par_1_39' title="bbox 515 3463 2064 3536">
     <span class='ocr_line' id='line_1_39' title="bbox 515 3463 2064 3536; baseline 0.005 -19"><span class='ocrx_word' id='word_1_267' title='bbox 515 3473 792 3532; x_wconf 89' lang='lat' dir='ltr'><strong>augmento</strong></span> <span class='ocrx_word' id='word_1_268' title='bbox 821 3464 1073 3515; x_wconf 90' lang='lat' dir='ltr'><strong>bonorum</strong></span> <span class='ocrx_word' id='word_1_269' title='bbox 1103 3463 1291 3528; x_wconf 78' lang='lat' dir='ltr'><strong>valeat,</strong></span> <span class='ocrx_word' id='word_1_270' title='bbox 1317 3480 1433 3531; x_wconf 74' lang='lat' dir='ltr'><strong>qua:</strong></span> <span class='ocrx_word' id='word_1_271' title='bbox 1460 3475 1654 3533; x_wconf 89' lang='lat' dir='ltr'><strong>tamen,</strong></span> <span class='ocrx_word' id='word_1_272' title='bbox 1685 3468 1943 3536; x_wconf 90' lang='lat' dir='ltr'><strong>adjunctis</strong></span> <span class='ocrx_word' id='word_1_273' title='bbox 1973 3472 2064 3524; x_wconf 84' lang='lat' dir='ltr'><strong>bo-</strong></span> 
     </span>
    </p>
   </div>
   <div class='ocr_carea' id='block_1_40' title="bbox 516 3553 2063 3624">
    <p class='ocr_par' dir='ltr' id='par_1_40' title="bbox 516 3553 2063 3624">
     <span class='ocr_line' id='line_1_40' title="bbox 516 3553 2063 3624; baseline 0.003 -16"><span class='ocrx_word' id='word_1_274' title='bbox 516 3557 597 3610; x_wconf 81' lang='lat' dir='ltr'><strong>nis</strong></span> <span class='ocrx_word' id='word_1_275' title='bbox 619 3554 844 3617; x_wconf 90' lang='lat' dir='ltr'><strong>actibus,</strong></span> <span class='ocrx_word' id='word_1_276' title='bbox 878 3567 1118 3621; x_wconf 87' lang='lat' dir='ltr'><strong>magnam</strong></span> <span class='ocrx_word' id='word_1_277' title='bbox 1154 3553 1365 3606; x_wconf 81' lang='lat' dir='ltr'><strong>babenti</strong></span> <span class='ocrx_word' id='word_1_278' title='bbox 1395 3555 1614 3620; x_wconf 79' lang='lat' dir='ltr'><strong>gloriam</strong></span> <span class='ocrx_word' id='word_1_279' title='bbox 1643 3559 1919 3624; x_wconf 83' lang='lat' dir='ltr'><strong>conquirit.</strong></span> <span class='ocrx_word' id='word_1_280' title='bbox 1964 3559 2063 3615; x_wconf 90' lang='lat' dir='ltr'><strong>De-</strong></span> 
     </span>
    </p>
   </div>
   <div class='ocr_carea' id='block_1_41' title="bbox 522 3644 2059 3718">
    <p class='ocr_par' dir='ltr' id='par_1_41' title="bbox 522 3644 2059 3718">
     <span class='ocr_line' id='line_1_41' title="bbox 522 3644 2059 3718; baseline 0.005 -20"><span class='ocrx_word' id='word_1_281' title='bbox 522 3648 678 3714; x_wconf 85' lang='lat' dir='ltr'><strong>nique</strong></span> <span class='ocrx_word' id='word_1_282' title='bbox 721 3646 1006 3713; x_wconf 73' lang='lat' dir='ltr'><strong>virginibus</strong></span> <span class='ocrx_word' id='word_1_283' title='bbox 1046 3644 1218 3697; x_wconf 89' lang='lat' dir='ltr'><strong>stttltis</strong></span> <span class='ocrx_word' id='word_1_284' title='bbox 1264 3645 1335 3696; x_wconf 88' lang='lat' dir='ltr'><strong>&#39;nil</strong></span> <span class='ocrx_word' id='word_1_285' title='bbox 1377 3647 1589 3698; x_wconf 86' lang='lat' dir='ltr'><strong>castitas</strong></span> <span class='ocrx_word' id='word_1_286' title='bbox 1637 3649 1828 3714; x_wconf 86' lang='lat' dir='ltr'><strong>profuit</strong></span> <span class='ocrx_word' id='word_1_287' title='bbox 1869 3654 2059 3718; x_wconf 80' lang='lat' dir='ltr'><strong>eatnis,</strong></span> 
     </span>
    </p>
   </div>
   <div class='ocr_carea' id='block_1_42' title="bbox 521 3734 2061 3809">
    <p class='ocr_par' dir='ltr' id='par_1_42' title="bbox 521 3734 2061 3809">
     <span class='ocr_line' id='line_1_42' title="bbox 521 3734 2061 3809; baseline 0 -20"><span class='ocrx_word' id='word_1_288' title='bbox 521 3739 708 3805; x_wconf 80' lang='lat' dir='ltr'><strong>quibus</strong></span> <span class='ocrx_word' id='word_1_289' title='bbox 746 3738 988 3791; x_wconf 78' lang='lat' dir='ltr'><strong>veniente</strong></span> <span class='ocrx_word' id='word_1_290' title='bbox 1027 3748 1221 3800; x_wconf 90' lang='lat' dir='ltr'><strong>sponso</strong></span> <span class='ocrx_word' id='word_1_291' title='bbox 1261 3735 1432 3788; x_wconf 89' lang='lat' dir='ltr'><strong>lumen</strong></span> <span class='ocrx_word' id='word_1_292' title='bbox 1465 3734 1632 3789; x_wconf 86' lang='lat' dir='ltr'><strong>defuit</strong></span> <span class='ocrx_word' id='word_1_293' title='bbox 1670 3737 1883 3793; x_wconf 66' lang='lat' dir='ltr'><strong>internae</strong></span> <span class='ocrx_word' id='word_1_294' title='bbox 1923 3743 2061 3809; x_wconf 80' lang='lat' dir='ltr'><strong>puri-</strong></span> 
     </span>
    </p>
   </div>
   <div class='ocr_carea' id='block_1_43' title="bbox 519 3824 2062 3894">
    <p class='ocr_par' dir='ltr' id='par_1_43' title="bbox 519 3824 2062 3894">
     <span class='ocr_line' id='line_1_43' title="bbox 519 3824 2062 3894; baseline 0.004 -16"><span class='ocrx_word' id='word_1_295' title='bbox 519 3827 666 3878; x_wconf 89' lang='lat' dir='ltr'><strong>tatis.</strong></span> <span class='ocrx_word' id='word_1_296' title='bbox 701 3824 1053 3892; x_wconf 87' lang='lat' dir='ltr'><strong>Accingantur</strong></span> <span class='ocrx_word' id='word_1_297' title='bbox 1082 3837 1206 3892; x_wconf 85' lang='lat' dir='ltr'><strong>ergo</strong></span> <span class='ocrx_word' id='word_1_298' title='bbox 1240 3824 1326 3875; x_wconf 87' lang='lat' dir='ltr'><strong>lilii</strong></span> <span class='ocrx_word' id='word_1_299' title='bbox 1367 3825 1538 3877; x_wconf 83' lang='lat' dir='ltr'><strong>Aaron</strong></span> <span class='ocrx_word' id='word_1_300' title='bbox 1583 3826 1768 3879; x_wconf 87' lang='lat' dir='ltr'><strong>tunicis</strong></span> <span class='ocrx_word' id='word_1_301' title='bbox 1800 3827 1977 3894; x_wconf 87' lang='lat' dir='ltr'><strong>lineis,</strong></span> <span class='ocrx_word' id='word_1_302' title='bbox 2011 3844 2062 3884; x_wconf 96' lang='grc' dir='ltr'><strong>ιιι</strong></span> 
     </span>
    </p>
   </div>
   <div class='ocr_carea' id='block_1_44' title="bbox 524 3914 2060 3988">
    <p class='ocr_par' dir='ltr' id='par_1_44' title="bbox 524 3914 2060 3988">
     <span class='ocr_line' id='line_1_44' title="bbox 524 3914 2060 3988; baseline 0.005 -20"><span class='ocrx_word' id='word_1_303' title='bbox 524 3917 814 3968; x_wconf 75' lang='lat' dir='ltr'><strong>castitatem</strong></span> <span class='ocrx_word' id='word_1_304' title='bbox 857 3915 1097 3967; x_wconf 82' lang='lat' dir='ltr'><strong>habeant.</strong></span> <span class='ocrx_word' id='word_1_305' title='bbox 1142 3914 1454 3969; x_wconf 73' lang='lat' dir='ltr'><strong>Sacerdotes</strong></span> <span class='ocrx_word' id='word_1_306' title='bbox 1492 3916 1827 3986; x_wconf 82' lang='lat' dir='ltr'><strong>accingamur</strong></span> <span class='ocrx_word' id='word_1_307' title='bbox 1858 3919 2060 3988; x_wconf 86' lang='lat' dir='ltr'><strong>balteis,</strong></span> 
     </span>
    </p>
   </div>
   <div class='ocr_carea' id='block_1_45' title="bbox 524 4006 2064 4078">
    <p class='ocr_par' dir='ltr' id='par_1_45' title="bbox 524 4006 2064 4078">
     <span class='ocr_line' id='line_1_45' title="bbox 524 4006 2064 4078; baseline 0.001 -17"><span class='ocrx_word' id='word_1_308' title='bbox 524 4024 587 4061; x_wconf 90' lang='lat' dir='ltr'><strong>ne</strong></span> <span class='ocrx_word' id='word_1_309' title='bbox 629 4011 724 4059; x_wconf 90' lang='lat' dir='ltr'><strong>ista</strong></span> <span class='ocrx_word' id='word_1_310' title='bbox 763 4006 976 4058; x_wconf 81' lang='lat' dir='ltr'><strong>castitas</strong></span> <span class='ocrx_word' id='word_1_311' title='bbox 1013 4006 1080 4057; x_wconf 90' lang='lat' dir='ltr'><strong>sit</strong></span> <span class='ocrx_word' id='word_1_312' title='bbox 1119 4007 1334 4058; x_wconf 89' lang='lat' dir='ltr'><strong>remissa</strong></span> <span class='ocrx_word' id='word_1_313' title='bbox 1374 4018 1426 4059; x_wconf 91' lang='lat' dir='ltr'><strong>et</strong></span> <span class='ocrx_word' id='word_1_314' title='bbox 1467 4009 1764 4078; x_wconf 79' lang='lat' dir='ltr'><strong>negligens;</strong></span> <span class='ocrx_word' id='word_1_315' title='bbox 1806 4027 1872 4069; x_wconf 86' lang='lat' dir='ltr'><strong>ne</strong></span> <span class='ocrx_word' id='word_1_316' title='bbox 1912 4024 2064 4067; x_wconf 79' lang='lat' dir='ltr'><strong>vento</strong></span> 
     </span>
    </p>
   </div>
   <div class='ocr_carea' id='block_1_46' title="bbox 523 4094 2062 4168">
    <p class='ocr_par' dir='ltr' id='par_1_46' title="bbox 523 4094 2062 4168">
     <span class='ocr_line' id='line_1_46' title="bbox 523 4094 2062 4168; baseline 0.006 -19"><span class='ocrx_word' id='word_1_317' title='bbox 523 4095 763 4149; x_wconf 89' lang='lat' dir='ltr'><strong>elationis</strong></span> <span class='ocrx_word' id='word_1_318' title='bbox 793 4094 1020 4146; x_wconf 81' lang='lat' dir='ltr'><strong>animtim</strong></span> <span class='ocrx_word' id='word_1_319' title='bbox 1055 4094 1302 4161; x_wconf 86' lang='lat' dir='ltr'><strong>perflandi</strong></span> <span class='ocrx_word' id='word_1_320' title='bbox 1334 4095 1529 4150; x_wconf 91' lang='lat' dir='ltr'><strong>aditum</strong></span> <span class='ocrx_word' id='word_1_321' title='bbox 1563 4104 1922 4168; x_wconf 75' lang='lat' dir='ltr'><strong>prtebeat,ne</strong></span> <span class='ocrx_word' id='word_1_322' title='bbox 1950 4120 2062 4159; x_wconf 86' lang='lat' dir='ltr'><strong>cre-</strong></span> 
     </span>
    </p>
   </div>
   <div class='ocr_carea' id='block_1_47' title="bbox 521 4183 2063 4264">
    <p class='ocr_par' dir='ltr' id='par_1_47' title="bbox 521 4183 2063 4264">
     <span class='ocr_line' id='line_1_47' title="bbox 521 4183 2063 4264; baseline 0.007 -25"><span class='ocrx_word' id='word_1_323' title='bbox 521 4196 699 4239; x_wconf 88' lang='lat' dir='ltr'><strong>scente</strong></span> <span class='ocrx_word' id='word_1_324' title='bbox 728 4183 1020 4252; x_wconf 88' lang='lat' dir='ltr'><strong>iniquitate,</strong></span> <span class='ocrx_word' id='word_1_325' title='bbox 1047 4183 1387 4254; x_wconf 83' lang='lat' dir='ltr'><strong>refrigescere</strong></span> <span class='ocrx_word' id='word_1_326' title='bbox 1411 4188 1560 4242; x_wconf 86' lang='lat' dir='ltr'><strong>faciat</strong></span> <span class='ocrx_word' id='word_1_327' title='bbox 1587 4193 1895 4248; x_wconf 85' lang='lat' dir='ltr'><strong>eltaritateut</strong></span> <span class='ocrx_word' id='word_1_328' title='bbox 1927 4196 2063 4264; x_wconf 58' lang='lat' dir='ltr'><strong>ipso.</strong></span> 
     </span>
    </p>
   </div>
   <div class='ocr_carea' id='block_1_48' title="bbox 524 4279 2063 4350">
    <p class='ocr_par' dir='ltr' id='par_1_48' title="bbox 524 4279 2063 4350">
     <span class='ocr_line' id='line_1_48' title="bbox 524 4279 2063 4350; baseline 0.007 -20"><span class='ocrx_word' id='word_1_329' title='bbox 524 4293 674 4341; x_wconf 90' lang='lat' dir='ltr'><strong>rum,</strong></span> <span class='ocrx_word' id='word_1_330' title='bbox 731 4292 794 4331; x_wconf 92' lang='lat' dir='ltr'><strong>ne</strong></span> <span class='ocrx_word' id='word_1_331' title='bbox 843 4279 1093 4329; x_wconf 89' lang='lat' dir='ltr'><strong>b0norum</strong></span> <span class='ocrx_word' id='word_1_332' title='bbox 1143 4293 1350 4345; x_wconf 82' lang='lat' dir='ltr'><strong>gressus</strong></span> <span class='ocrx_word' id='word_1_333' title='bbox 1405 4295 1617 4345; x_wconf 85' lang='lat' dir='ltr'><strong>operum</strong></span> <span class='ocrx_word' id='word_1_334' title='bbox 1659 4284 1906 4350; x_wconf 87' lang='lat' dir='ltr'><strong>jactantia</strong></span> <span class='ocrx_word' id='word_1_335' title='bbox 1955 4304 2063 4342; x_wconf 62' lang='lat' dir='ltr'><strong>sua!</strong></span> 
     </span>
    </p>
   </div>
   <div class='ocr_carea' id='block_1_49' title="bbox 525 4359 2060 4437">
    <p class='ocr_par' dir='ltr' id='par_1_49' title="bbox 525 4359 2060 4437">
     <span class='ocr_line' id='line_1_49' title="bbox 525 4359 2060 4437; baseline 0.007 -19"><span class='ocrx_word' id='word_1_336' title='bbox 525 4366 942 4434; x_wconf 74' lang='lat' dir='ltr'><strong>praesumptionis</strong></span> <span class='ocrx_word' id='word_1_337' title='bbox 1005 4359 1289 4431; x_wconf 83' lang='lat' dir='ltr'><strong>impediat,</strong></span> <span class='ocrx_word' id='word_1_338' title='bbox 1361 4384 1426 4421; x_wconf 90' lang='lat' dir='ltr'><strong>nc</strong></span> <span class='ocrx_word' id='word_1_339' title='bbox 1484 4373 1765 4437; x_wconf 68' lang='lat' dir='ltr'><strong>prwpeditn</strong></span> <span class='ocrx_word' id='word_1_340' title='bbox 1819 4375 2060 4429; x_wconf 89' lang='lat' dir='ltr'><strong>virtutum</strong></span> 
     </span>
    </p>
   </div>
   <div class='ocr_carea' id='block_1_50' title="bbox 520 4455 2061 4528">
    <p class='ocr_par' dir='ltr' id='par_1_50' title="bbox 520 4455 2061 4528">
     <span class='ocr_line' id='line_1_50' title="bbox 520 4455 2061 4528; baseline 0.005 -17"><span class='ocrx_word' id='word_1_341' title='bbox 520 4471 674 4511; x_wconf 87' lang='lat' dir='ltr'><strong>cursu</strong></span> <span class='ocrx_word' id='word_1_342' title='bbox 695 4496 708 4519; x_wconf 90' lang='lat'><strong>,</strong></span> <span class='ocrx_word' id='word_1_343' title='bbox 745 4455 852 4524; x_wconf 89' lang='lat' dir='ltr'><strong>ipsa</strong></span> <span class='ocrx_word' id='word_1_344' title='bbox 885 4456 1037 4510; x_wconf 64' lang='lat' dir='ltr'><strong>etiam</strong></span> <span class='ocrx_word' id='word_1_345' title='bbox 1068 4459 1329 4512; x_wconf 81' lang='lat' dir='ltr'><strong>terrestris</strong></span> <span class='ocrx_word' id='word_1_346' title='bbox 1356 4463 1792 4528; x_wconf 74' lang='lat' dir='ltr'><strong>concupiscentia:</strong></span> <span class='ocrx_word' id='word_1_347' title='bbox 1821 4466 2061 4519; x_wconf 76' lang='lat' dir='ltr'><strong>sordibus</strong></span> 
     </span>
    </p>
   </div>
   <div class='ocr_carea' id='block_1_51' title="bbox 523 4547 2063 4613">
    <p class='ocr_par' dir='ltr' id='par_1_51' title="bbox 523 4547 2063 4613">
     <span class='ocr_line' id='line_1_51' title="bbox 523 4547 2063 4613; baseline 0.008 -15"><span class='ocrx_word' id='word_1_348' title='bbox 523 4547 713 4613; x_wconf 81' lang='lat' dir='ltr'><strong>polluta</strong></span> <span class='ocrx_word' id='word_1_349' title='bbox 758 4547 999 4611; x_wconf 79' lang='lat' dir='ltr'><strong>vilescat,</strong></span> <span class='ocrx_word' id='word_1_350' title='bbox 1040 4557 1092 4600; x_wconf 91' lang='lat' dir='ltr'><strong>et</strong></span> <span class='ocrx_word' id='word_1_351' title='bbox 1130 4550 1190 4599; x_wconf 88' lang='lat' dir='ltr'><strong>ad</strong></span> <span class='ocrx_word' id='word_1_352' title='bbox 1235 4551 1472 4604; x_wconf 85' lang='lat' dir='ltr'><strong>ultimum</strong></span> <span class='ocrx_word' id='word_1_353' title='bbox 1511 4563 1773 4608; x_wconf 90' lang='lat' dir='ltr'><strong>auctorem</strong></span> <span class='ocrx_word' id='word_1_354' title='bbox 1813 4572 1962 4609; x_wconf 91' lang='lat' dir='ltr'><strong>suum</strong></span> <span class='ocrx_word' id='word_1_355' title='bbox 2003 4559 2063 4610; x_wconf 90' lang='lat' dir='ltr'><strong>ad</strong></span> 
     </span>
    </p>
   </div>
   <div class='ocr_carea' id='block_1_52' title="bbox 523 4636 2067 4706">
    <p class='ocr_par' dir='ltr' id='par_1_52' title="bbox 523 4636 2067 4706">
     <span class='ocr_line' id='line_1_52' title="bbox 523 4636 2067 4706; baseline 0.008 -18"><span class='ocrx_word' id='word_1_356' title='bbox 523 4636 725 4688; x_wconf 87' lang='lat' dir='ltr'><strong>ruinam</strong></span> <span class='ocrx_word' id='word_1_357' title='bbox 756 4637 1102 4702; x_wconf 85' lang='lat' dir='ltr'><strong>superbieudo</strong></span> <span class='ocrx_word' id='word_1_358' title='bbox 1132 4638 1383 4706; x_wconf 85' lang='lat' dir='ltr'><strong>impellat.</strong></span> <span class='ocrx_word' id='word_1_359' title='bbox 1431 4642 1657 4695; x_wconf 75' lang='lat' dir='ltr'><strong>Aecincti</strong></span> <span class='ocrx_word' id='word_1_360' title='bbox 1690 4655 1860 4697; x_wconf 88' lang='lat' dir='ltr'><strong>autem</strong></span> <span class='ocrx_word' id='word_1_361' title='bbox 1891 4662 2067 4700; x_wconf 86' lang='lat' dir='ltr'><strong>sacer-</strong></span> 
     </span>
    </p>
   </div>
   <div class='ocr_carea' id='block_1_53' title="bbox 525 4725 2070 4803">
    <p class='ocr_par' dir='ltr' id='par_1_53' title="bbox 525 4725 2070 4803">
     <span class='ocr_line' id='line_1_53' title="bbox 525 4725 2070 4803; baseline 0.008 -27"><span class='ocrx_word' id='word_1_362' title='bbox 525 4725 672 4776; x_wconf 70' lang='lat' dir='ltr'><strong>dotes</strong></span> <span class='ocrx_word' id='word_1_363' title='bbox 699 4725 953 4792; x_wconf 86' lang='lat' dir='ltr'><strong>accipiant</strong></span> <span class='ocrx_word' id='word_1_364' title='bbox 981 4736 1033 4778; x_wconf 89' lang='lat' dir='ltr'><strong>et</strong></span> <span class='ocrx_word' id='word_1_365' title='bbox 1059 4729 1217 4781; x_wconf 87' lang='lat' dir='ltr'><strong>tiaras</strong></span> <span class='ocrx_word' id='word_1_366' title='bbox 1250 4730 1297 4782; x_wconf 89' lang='lat' dir='ltr'><strong>itt</strong></span> <span class='ocrx_word' id='word_1_367' title='bbox 1327 4731 1611 4797; x_wconf 73' lang='lat' dir='ltr'><strong>capitibus,</strong></span> <span class='ocrx_word' id='word_1_368' title='bbox 1635 4743 1692 4785; x_wconf 89' lang='lat' dir='ltr'><strong>ut</strong></span> <span class='ocrx_word' id='word_1_369' title='bbox 1716 4745 1832 4801; x_wconf 83' lang='lat' dir='ltr'><strong>post</strong></span> <span class='ocrx_word' id='word_1_370' title='bbox 1855 4737 2070 4803; x_wconf 88' lang='lat' dir='ltr'><strong>vigilan-</strong></span> 
     </span>
    </p>
   </div>
   <div class='ocr_carea' id='block_1_54' title="bbox 527 4816 2065 4916">
    <p class='ocr_par' dir='ltr' id='par_1_54' title="bbox 527 4816 2065 4916">
     <span class='ocr_line' id='line_1_54' title="bbox 527 4816 2065 4916; baseline 0.01 -49"><span class='ocrx_word' id='word_1_371' title='bbox 527 4824 629 4867; x_wconf 86' lang='lat' dir='ltr'><strong>tem</strong></span> <span class='ocrx_word' id='word_1_372' title='bbox 657 4823 708 4866; x_wconf 91' lang='lat' dir='ltr'><strong>et</strong></span> <span class='ocrx_word' id='word_1_373' title='bbox 737 4816 1170 4883; x_wconf 88' lang='lat' dir='ltr'><strong>cireumspectam</strong></span> <span class='ocrx_word' id='word_1_374' title='bbox 1194 4834 1461 4885; x_wconf 77' lang='lat' dir='ltr'><strong>corporea:</strong></span> <span class='ocrx_word' id='word_1_375' title='bbox 1486 4823 1734 4877; x_wconf 89' lang='lat' dir='ltr'><strong>castitatis</strong></span> <span class='ocrx_word' id='word_1_376' title='bbox 1758 4827 2065 4916; x_wconf 50' lang='lat' dir='ltr'><strong>custodiqm,</strong></span> 
     </span>
    </p>
   </div>
   <div class='ocr_carea' id='block_1_55' title="bbox 531 4904 2071 4978">
    <p class='ocr_par' dir='ltr' id='par_1_55' title="bbox 531 4904 2071 4978">
     <span class='ocr_line' id='line_1_55' title="bbox 531 4904 2071 4978; baseline 0.009 -21"><span class='ocrx_word' id='word_1_377' title='bbox 531 4906 694 4974; x_wconf 87' lang='lat' dir='ltr'><strong>ipsius</strong></span> <span class='ocrx_word' id='word_1_378' title='bbox 732 4904 889 4957; x_wconf 91' lang='lat' dir='ltr'><strong>etiant</strong></span> <span class='ocrx_word' id='word_1_379' title='bbox 931 4905 1089 4968; x_wconf 89' lang='lat' dir='ltr'><strong>visus,</strong></span> <span class='ocrx_word' id='word_1_380' title='bbox 1132 4907 1354 4970; x_wconf 88' lang='lat' dir='ltr'><strong>auditus,</strong></span> <span class='ocrx_word' id='word_1_381' title='bbox 1402 4920 1604 4978; x_wconf 84' lang='lat' dir='ltr'><strong>gustus,</strong></span> <span class='ocrx_word' id='word_1_382' title='bbox 1637 4923 1690 4966; x_wconf 90' lang='lat' dir='ltr'><strong>et</strong></span> <span class='ocrx_word' id='word_1_383' title='bbox 1717 4915 1936 4969; x_wconf 85' lang='lat' dir='ltr'><strong>olfactus</strong></span> <span class='ocrx_word' id='word_1_384' title='bbox 1967 4904 2071 4970; x_wconf 85' lang='lat' dir='ltr'><strong>Deo</strong></span> 
     </span>
    </p>
   </div>
   <div class='ocr_carea' id='block_1_56' title="bbox 528 4994 1554 5062">
    <p class='ocr_par' dir='ltr' id='par_1_56' title="bbox 528 4994 1554 5062">
     <span class='ocr_line' id='line_1_56' title="bbox 528 4994 1554 5062; baseline 0.007 -16"><span class='ocrx_word' id='word_1_385' title='bbox 528 4997 701 5062; x_wconf 84' lang='lat' dir='ltr'><strong>digna,</strong></span> <span class='ocrx_word' id='word_1_386' title='bbox 735 5003 786 5047; x_wconf 92' lang='lat' dir='ltr'><strong>et</strong></span> <span class='ocrx_word' id='word_1_387' title='bbox 811 4994 1042 5047; x_wconf 91' lang='lat' dir='ltr'><strong>custodia</strong></span> <span class='ocrx_word' id='word_1_388' title='bbox 1071 5005 1307 5049; x_wconf 85' lang='lat' dir='ltr'><strong>teneatur</strong></span> <span class='ocrx_word' id='word_1_389' title='bbox 1332 5009 1381 5050; x_wconf 91' lang='lat' dir='ltr'><strong>et</strong></span> <span class='ocrx_word' id='word_1_390' title='bbox 1411 5014 1554 5053; x_wconf 90' lang='lat' dir='ltr'><strong>cura.</strong></span> 
     </span>
    </p>
   </div>
   <div class='ocr_carea' id='block_1_57' title="bbox 1129 5085 1473 5140">
    <p class='ocr_par' dir='ltr' id='par_1_57' title="bbox 1129 5085 1473 5140">
     <span class='ocr_line' id='line_1_57' title="bbox 1129 5085 1473 5140; baseline 0.006 -2"><span class='ocrx_word' id='word_1_391' title='bbox 1129 5085 1347 5139; x_wconf 74' lang='lat' dir='ltr'><strong>CAPUT</strong></span> <span class='ocrx_word' id='word_1_392' title='bbox 1387 5088 1473 5140; x_wconf 72' lang='lat' dir='ltr'><strong>lx.</strong></span> 
     </span>
    </p>
   </div>
   <div class='ocr_carea' id='block_1_58' title="bbox 1147 5175 1448 5236">
    <p class='ocr_par' dir='ltr' id='par_1_58' title="bbox 1147 5175 1448 5236">
     <span class='ocr_line' id='line_1_58' title="bbox 1147 5175 1448 5236; baseline 0.023 -8"><span class='ocrx_word' id='word_1_393' title='bbox 1147 5175 1448 5236; x_wconf 78' lang='lat' dir='ltr'><strong>Femiualt&#39;a.</strong></span> 
     </span>
    </p>
   </div>
   <div class='ocr_carea' id='block_1_59' title="bbox 606 5267 2070 5342">
    <p class='ocr_par' dir='ltr' id='par_1_59' title="bbox 606 5267 2070 5342">
     <span class='ocr_line' id='line_1_59' title="bbox 606 5267 2070 5342; baseline 0.007 -24"><span class='ocrx_word' id='word_1_394' title='bbox 606 5267 888 5335; x_wconf 73' lang='lat' dir='ltr'><strong>Vestiesqne</strong></span> <span class='ocrx_word' id='word_1_395' title='bbox 932 5268 1006 5318; x_wconf 78' lang='lat' dir='ltr'><strong>his</strong></span> <span class='ocrx_word' id='word_1_396' title='bbox 1044 5271 1267 5323; x_wconf 82' lang='lat' dir='ltr'><strong>omnibus</strong></span> <span class='ocrx_word' id='word_1_397' title='bbox 1307 5274 1473 5324; x_wconf 77' lang='lat' dir='ltr'><strong>Aaron</strong></span> <span class='ocrx_word' id='word_1_398' title='bbox 1516 5275 1718 5342; x_wconf 78' lang='lat' dir='ltr'><strong>fratrem</strong></span> <span class='ocrx_word' id='word_1_399' title='bbox 1760 5284 1924 5340; x_wconf 83' lang='lat' dir='ltr'><strong>tuum,</strong></span> <span class='ocrx_word' id='word_1_400' title='bbox 1968 5285 2070 5330; x_wconf 85' lang='lat' dir='ltr'><strong>etc.</strong></span> 
     </span>
    </p>
   </div>
   <div class='ocr_carea' id='block_1_60' title="bbox 534 5355 2074 5424">
    <p class='ocr_par' dir='ltr' id='par_1_60' title="bbox 534 5355 2074 5424">
     <span class='ocr_line' id='line_1_60' title="bbox 534 5355 2074 5424; baseline 0.01 -19"><span class='ocrx_word' id='word_1_401' title='bbox 534 5355 786 5409; x_wconf 85' lang='lat' dir='ltr'><strong>Omnibus</strong></span> <span class='ocrx_word' id='word_1_402' title='bbox 825 5358 1030 5424; x_wconf 77' lang='lat' dir='ltr'><strong>quidem</strong></span> <span class='ocrx_word' id='word_1_403' title='bbox 1073 5359 1150 5409; x_wconf 86' lang='lat' dir='ltr'><strong>liis</strong></span> <span class='ocrx_word' id='word_1_404' title='bbox 1191 5363 1487 5417; x_wconf 78' lang='lat' dir='ltr'><strong>vestiendus</strong></span> <span class='ocrx_word' id='word_1_405' title='bbox 1524 5376 1637 5418; x_wconf 90' lang='lat' dir='ltr'><strong>erat</strong></span> <span class='ocrx_word' id='word_1_406' title='bbox 1675 5368 1848 5420; x_wconf 82' lang='lat' dir='ltr'><strong>Aaron</strong></span> <span class='ocrx_word' id='word_1_407' title='bbox 1889 5382 1938 5423; x_wconf 89' lang='lat' dir='ltr'><strong>et</strong></span> <span class='ocrx_word' id='word_1_408' title='bbox 1983 5365 2074 5422; x_wconf 75' lang='lat' dir='ltr'><strong>filii</strong></span> 
     </span>
    </p>
   </div>
   <div class='ocr_carea' id='block_1_61' title="bbox 447 5443 2075 5522">
    <p class='ocr_par' dir='ltr' id='par_1_61' title="bbox 447 5443 2075 5522">
     <span class='ocr_line' id='line_1_61' title="bbox 447 5443 2075 5522; baseline 0.012 -29"><span class='ocrx_word' id='word_1_409' title='bbox 447 5443 679 5509; x_wconf 68' lang='lat' dir='ltr'><strong>/ejus;</strong></span> <span class='ocrx_word' id='word_1_410' title='bbox 723 5445 814 5495; x_wconf 90' lang='lat' dir='ltr'><strong>sed</strong></span> <span class='ocrx_word' id='word_1_411' title='bbox 854 5460 912 5496; x_wconf 87' lang='lat' dir='ltr'><strong>ea</strong></span> <span class='ocrx_word' id='word_1_412' title='bbox 945 5447 1310 5511; x_wconf 86' lang='lat' dir='ltr'><strong>diStinctione,</strong></span> <span class='ocrx_word' id='word_1_413' title='bbox 1345 5463 1398 5502; x_wconf 91' lang='lat' dir='ltr'><strong>ut</strong></span> <span class='ocrx_word' id='word_1_414' title='bbox 1441 5453 1549 5519; x_wconf 89' lang='lat' dir='ltr'><strong>ipse</strong></span> <span class='ocrx_word' id='word_1_415' title='bbox 1578 5457 1789 5522; x_wconf 87' lang='lat' dir='ltr'><strong>quidem</strong></span> <span class='ocrx_word' id='word_1_416' title='bbox 1833 5461 2075 5514; x_wconf 89' lang='lat' dir='ltr'><strong>omnibus</strong></span> 
     </span>
    </p>
   </div>
   <div class='ocr_carea' id='block_1_62' title="bbox 535 5531 2072 5614">
    <p class='ocr_par' dir='ltr' id='par_1_62' title="bbox 535 5531 2072 5614">
     <span class='ocr_line' id='line_1_62' title="bbox 535 5531 2072 5614; baseline 0.012 -29"><span class='ocrx_word' id='word_1_417' title='bbox 535 5531 618 5585; x_wconf 86' lang='lat' dir='ltr'><strong>his</strong></span> <span class='ocrx_word' id='word_1_418' title='bbox 647 5541 893 5597; x_wconf 89' lang='lat' dir='ltr'><strong>uteretur,</strong></span> <span class='ocrx_word' id='word_1_419' title='bbox 927 5537 1012 5588; x_wconf 81' lang='lat' dir='ltr'><strong>lilii</strong></span> <span class='ocrx_word' id='word_1_420' title='bbox 1045 5545 1216 5589; x_wconf 89' lang='lat' dir='ltr'><strong>autem</strong></span> <span class='ocrx_word' id='word_1_421' title='bbox 1248 5539 1446 5594; x_wconf 82' lang='lat' dir='ltr'><strong>ultimis</strong></span> <span class='ocrx_word' id='word_1_422' title='bbox 1483 5546 1666 5608; x_wconf 88' lang='lat' dir='ltr'><strong>tribus,</strong></span> <span class='ocrx_word' id='word_1_423' title='bbox 1709 5562 1826 5614; x_wconf 65' lang='lat' dir='ltr'><strong>quae</strong></span> <span class='ocrx_word' id='word_1_424' title='bbox 1867 5550 2072 5602; x_wconf 89' lang='lat' dir='ltr'><strong>illorum</strong></span> 
     </span>
    </p>
   </div>
   <div class='ocr_carea' id='block_1_63' title="bbox 538 5619 2071 5695">
    <p class='ocr_par' dir='ltr' id='par_1_63' title="bbox 538 5619 2071 5695">
     <span class='ocr_line' id='line_1_63' title="bbox 538 5619 2071 5695; baseline 0.013 -23"><span class='ocrx_word' id='word_1_425' title='bbox 538 5619 745 5686; x_wconf 64' lang='lat' dir='ltr'><strong>proprie</strong></span> <span class='ocrx_word' id='word_1_426' title='bbox 789 5625 978 5676; x_wconf 88' lang='lat' dir='ltr'><strong>nomini</strong></span> <span class='ocrx_word' id='word_1_427' title='bbox 1024 5627 1247 5695; x_wconf 87' lang='lat' dir='ltr'><strong>ascripta</strong></span> <span class='ocrx_word' id='word_1_428' title='bbox 1290 5638 1436 5691; x_wconf 88' lang='lat' dir='ltr'><strong>sunt,</strong></span> <span class='ocrx_word' id='word_1_429' title='bbox 1484 5646 1600 5685; x_wconf 88' lang='lat' dir='ltr'><strong>cum</strong></span> <span class='ocrx_word' id='word_1_430' title='bbox 1641 5635 1868 5689; x_wconf 88' lang='lat' dir='ltr'><strong>dicitur:</strong></span> <span class='ocrx_word' id='word_1_431' title='bbox 1911 5637 2071 5692; x_wconf 81' lang='lat' dir='ltr'><strong>Porro</strong></span> 
     </span>
    </p>
   </div>
   <div class='ocr_carea' id='block_1_64' title="bbox 2159 482 3662 550">
    <p class='ocr_par' dir='ltr' id='par_1_64' title="bbox 2159 482 3662 550">
     <span class='ocr_line' id='line_1_64' title="bbox 2159 482 3662 550; baseline 0.001 -14"><span class='ocrx_word' id='word_1_432' title='bbox 2159 483 2316 536; x_wconf 87' lang='lat' dir='ltr'><strong>tiaras</strong></span> <span class='ocrx_word' id='word_1_433' title='bbox 2346 485 2395 534; x_wconf 92' lang='lat' dir='ltr'><strong>in</strong></span> <span class='ocrx_word' id='word_1_434' title='bbox 2425 484 2640 550; x_wconf 87' lang='lat' dir='ltr'><strong>gloriam</strong></span> <span class='ocrx_word' id='word_1_435' title='bbox 2671 493 2722 536; x_wconf 91' lang='lat' dir='ltr'><strong>et</strong></span> <span class='ocrx_word' id='word_1_436' title='bbox 2750 482 3014 536; x_wconf 88' lang='lat' dir='ltr'><strong>decorem.</strong></span> <span class='ocrx_word' id='word_1_437' title='bbox 3046 482 3193 547; x_wconf 87' lang='lat' dir='ltr'><strong>Quod</strong></span> <span class='ocrx_word' id='word_1_438' title='bbox 3224 495 3350 534; x_wconf 85' lang='lat' dir='ltr'><strong>vero</strong></span> <span class='ocrx_word' id='word_1_439' title='bbox 3377 482 3616 550; x_wconf 83' lang='lat' dir='ltr'><strong>sequitur</strong></span> <span class='ocrx_word' id='word_1_440' title='bbox 3644 500 3662 536; x_wconf 88' lang='lat'><strong>:</strong></span> 
     </span>
    </p>
   </div>
   <div class='ocr_carea' id='block_1_65' title="bbox 2229 571 3707 642">
    <p class='ocr_par' dir='ltr' id='par_1_65' title="bbox 2229 571 3707 642">
     <span class='ocr_line' id='line_1_65' title="bbox 2229 571 3707 642; baseline 0 -18"><span class='ocrx_word' id='word_1_441' title='bbox 2229 571 2407 625; x_wconf 73' lang='lat' dir='ltr'><strong>Facie:</strong></span> <span class='ocrx_word' id='word_1_442' title='bbox 2443 587 2490 626; x_wconf 83' lang='lat' dir='ltr'><strong>et</strong></span> <span class='ocrx_word' id='word_1_443' title='bbox 2523 574 2776 642; x_wconf 71' lang='lat' dir='ltr'><strong>{emittatur</strong></span> <span class='ocrx_word' id='word_1_444' title='bbox 2805 573 2959 634; x_wconf 66' lang='lat' dir='ltr'><strong>linea,</strong></span> <span class='ocrx_word' id='word_1_445' title='bbox 2989 584 3087 626; x_wconf 90' lang='lat' dir='ltr'><strong>etc.</strong></span> <span class='ocrx_word' id='word_1_446' title='bbox 3134 572 3209 624; x_wconf 79' lang='lat' dir='ltr'><strong>Ad</strong></span> <span class='ocrx_word' id='word_1_447' title='bbox 3245 583 3496 641; x_wconf 88' lang='lat' dir='ltr'><strong>utrosque</strong></span> <span class='ocrx_word' id='word_1_448' title='bbox 3532 572 3707 634; x_wconf 85' lang='lat' dir='ltr'><strong>simul,</strong></span> 
     </span>
    </p>
   </div>
   <div class='ocr_carea' id='block_1_66' title="bbox 2157 661 3707 731">
    <p class='ocr_par' dir='ltr' id='par_1_66' title="bbox 2157 661 3707 731">
     <span class='ocr_line' id='line_1_66' title="bbox 2157 661 3707 731; baseline 0 -17"><span class='ocrx_word' id='word_1_449' title='bbox 2157 674 2206 714; x_wconf 86' lang='lat' dir='ltr'><strong>ct</strong></span> <span class='ocrx_word' id='word_1_450' title='bbox 2240 664 2406 714; x_wconf 67' lang='lat' dir='ltr'><strong>Aaron</strong></span> <span class='ocrx_word' id='word_1_451' title='bbox 2438 665 2639 716; x_wconf 64' lang='lat' dir='ltr'><strong>scilicet</strong></span> <span class='ocrx_word' id='word_1_452' title='bbox 2662 676 2711 716; x_wconf 78' lang='lat' dir='ltr'><strong>et</strong></span> <span class='ocrx_word' id='word_1_453' title='bbox 2743 663 2877 715; x_wconf 81' lang='lat' dir='ltr'><strong>lllios</strong></span> <span class='ocrx_word' id='word_1_454' title='bbox 2903 663 3037 731; x_wconf 67' lang='lat' dir='ltr'><strong>ejus,</strong></span> <span class='ocrx_word' id='word_1_455' title='bbox 3067 664 3198 713; x_wconf 85' lang='lat' dir='ltr'><strong>sicut</strong></span> <span class='ocrx_word' id='word_1_456' title='bbox 3226 661 3382 713; x_wconf 86' lang='lat' dir='ltr'><strong>etiam</strong></span> <span class='ocrx_word' id='word_1_457' title='bbox 3415 661 3522 727; x_wconf 84' lang='lat' dir='ltr'><strong>ipsa</strong></span> <span class='ocrx_word' id='word_1_458' title='bbox 3550 661 3707 714; x_wconf 87' lang='lat' dir='ltr'><strong>verba</strong></span> 
     </span>
    </p>
   </div>
   <div class='ocr_carea' id='block_1_67' title="bbox 2157 750 3707 821">
    <p class='ocr_par' dir='ltr' id='par_1_67' title="bbox 2157 750 3707 821">
     <span class='ocr_line' id='line_1_67' title="bbox 2157 750 3707 821; baseline -0.004 -15"><span class='ocrx_word' id='word_1_459' title='bbox 2157 754 2433 806; x_wconf 82' lang='lat' dir='ltr'><strong>manifeste</strong></span> <span class='ocrx_word' id='word_1_460' title='bbox 2459 754 2698 821; x_wconf 91' lang='lat' dir='ltr'><strong>probant,</strong></span> <span class='ocrx_word' id='word_1_461' title='bbox 2731 757 2984 821; x_wconf 70' lang='lat' dir='ltr'><strong>pertinet;</strong></span> <span class='ocrx_word' id='word_1_462' title='bbox 3014 753 3196 815; x_wconf 87' lang='lat' dir='ltr'><strong>sicque</strong></span> <span class='ocrx_word' id='word_1_463' title='bbox 3226 750 3282 803; x_wconf 86' lang='lat' dir='ltr'><strong>fit</strong></span> <span class='ocrx_word' id='word_1_464' title='bbox 3309 762 3362 802; x_wconf 83' lang='grc' dir='ltr'><strong>ιιι</strong></span> <span class='ocrx_word' id='word_1_465' title='bbox 3395 755 3568 804; x_wconf 69' lang='lat' dir='ltr'><strong>Aazon</strong></span> <span class='ocrx_word' id='word_1_466' title='bbox 3599 753 3707 817; x_wconf 79' lang='lat' dir='ltr'><strong>ipse</strong></span> 
     </span>
    </p>
   </div>
   <div class='ocr_carea' id='block_1_68' title="bbox 2156 840 3705 909">
    <p class='ocr_par' dir='ltr' id='par_1_68' title="bbox 2156 840 3705 909">
     <span class='ocr_line' id='line_1_68' title="bbox 2156 840 3705 909; baseline -0.005 -14"><span class='ocrx_word' id='word_1_467' title='bbox 2156 844 2356 895; x_wconf 87' lang='lat' dir='ltr'><strong>cunctis</strong></span> <span class='ocrx_word' id='word_1_468' title='bbox 2383 859 2500 909; x_wconf 70' lang='lat' dir='ltr'><strong>qua:</strong></span> <span class='ocrx_word' id='word_1_469' title='bbox 2527 851 3000 895; x_wconf 88' lang='lat' dir='ltr'><strong>commemorantur</strong></span> <span class='ocrx_word' id='word_1_470' title='bbox 3028 851 3148 894; x_wconf 88' lang='lat' dir='ltr'><strong>octo</strong></span> <span class='ocrx_word' id='word_1_471' title='bbox 3173 842 3408 892; x_wconf 73' lang='lat' dir='ltr'><strong>vestibus</strong></span> <span class='ocrx_word' id='word_1_472' title='bbox 3438 840 3705 900; x_wconf 87' lang='lat' dir='ltr'><strong>induatur,</strong></span> 
     </span>
    </p>
   </div>
   <div class='ocr_carea' id='block_1_69' title="bbox 2158 930 3706 999">
    <p class='ocr_par' dir='ltr' id='par_1_69' title="bbox 2158 930 3706 999">
     <span class='ocr_line' id='line_1_69' title="bbox 2158 930 3706 999; baseline -0.002 -15"><span class='ocrx_word' id='word_1_473' title='bbox 2158 932 2486 985; x_wconf 81' lang='lat' dir='ltr'><strong>feminalibus</strong></span> <span class='ocrx_word' id='word_1_474' title='bbox 2510 933 2752 985; x_wconf 73' lang='lat' dir='ltr'><strong>videlcect</strong></span> <span class='ocrx_word' id='word_1_475' title='bbox 2779 931 2949 992; x_wconf 70' lang='lat' dir='ltr'><strong>lineis,</strong></span> <span class='ocrx_word' id='word_1_476' title='bbox 2980 932 3149 984; x_wconf 89' lang='lat' dir='ltr'><strong>tunica</strong></span> <span class='ocrx_word' id='word_1_477' title='bbox 3181 930 3340 994; x_wconf 83' lang='lat' dir='ltr'><strong>linea,</strong></span> <span class='ocrx_word' id='word_1_478' title='bbox 3371 930 3706 999; x_wconf 66' lang='lat' dir='ltr'><strong>hyacinthina</strong></span> 
     </span>
    </p>
   </div>
   <div class='ocr_carea' id='block_1_70' title="bbox 2156 1020 3705 1090">
    <p class='ocr_par' dir='ltr' id='par_1_70' title="bbox 2156 1020 3705 1090">
     <span class='ocr_line' id='line_1_70' title="bbox 2156 1020 3705 1090; baseline -0.002 -14"><span class='ocrx_word' id='word_1_479' title='bbox 2156 1023 2591 1090; x_wconf 86' lang='lat' dir='ltr'><strong>superbumerali,</strong></span> <span class='ocrx_word' id='word_1_480' title='bbox 2625 1020 2891 1085; x_wconf 85' lang='lat' dir='ltr'><strong>rationali,</strong></span> <span class='ocrx_word' id='word_1_481' title='bbox 2921 1020 3114 1085; x_wconf 88' lang='lat' dir='ltr'><strong>balteo,</strong></span> <span class='ocrx_word' id='word_1_482' title='bbox 3146 1023 3296 1083; x_wconf 87' lang='lat' dir='ltr'><strong>tiara,</strong></span> <span class='ocrx_word' id='word_1_483' title='bbox 3325 1021 3498 1088; x_wconf 82' lang='lat' dir='ltr'><strong>petalo</strong></span> <span class='ocrx_word' id='word_1_484' title='bbox 3523 1035 3705 1074; x_wconf 87' lang='lat' dir='ltr'><strong>aureo.</strong></span> 
     </span>
    </p>
   </div>
   <div class='ocr_carea' id='block_1_71' title="bbox 2159 1113 3709 1183">
    <p class='ocr_par' dir='ltr' id='par_1_71' title="bbox 2159 1113 3709 1183">
     <span class='ocr_line' id='line_1_71' title="bbox 2159 1113 3709 1183; baseline -0.001 -15"><span class='ocrx_word' id='word_1_485' title='bbox 2159 1115 2274 1168; x_wconf 80' lang='lat' dir='ltr'><strong>Filii</strong></span> <span class='ocrx_word' id='word_1_486' title='bbox 2307 1130 2429 1168; x_wconf 84' lang='lat' dir='ltr'><strong>vero</strong></span> <span class='ocrx_word' id='word_1_487' title='bbox 2461 1116 2574 1183; x_wconf 89' lang='lat' dir='ltr'><strong>ejus</strong></span> <span class='ocrx_word' id='word_1_488' title='bbox 2603 1126 2826 1182; x_wconf 86' lang='lat' dir='ltr'><strong>quatuor</strong></span> <span class='ocrx_word' id='word_1_489' title='bbox 2865 1124 3064 1167; x_wconf 83' lang='lat' dir='ltr'><strong>tantum</strong></span> <span class='ocrx_word' id='word_1_490' title='bbox 3092 1128 3152 1167; x_wconf 76' lang='lat' dir='ltr'><strong>ex</strong></span> <span class='ocrx_word' id='word_1_491' title='bbox 3184 1113 3292 1178; x_wconf 85' lang='lat' dir='ltr'><strong>bis,</strong></span> <span class='ocrx_word' id='word_1_492' title='bbox 3333 1116 3381 1166; x_wconf 90' lang='lat' dir='ltr'><strong>id</strong></span> <span class='ocrx_word' id='word_1_493' title='bbox 3411 1123 3527 1177; x_wconf 82' lang='lat' dir='ltr'><strong>est,</strong></span> <span class='ocrx_word' id='word_1_494' title='bbox 3563 1115 3709 1167; x_wconf 83' lang='lat' dir='ltr'><strong>femi—</strong></span> 
     </span>
    </p>
   </div>
   <div class='ocr_carea' id='block_1_72' title="bbox 2160 1203 3709 1274">
    <p class='ocr_par' dir='ltr' id='par_1_72' title="bbox 2160 1203 3709 1274">
     <span class='ocr_line' id='line_1_72' title="bbox 2160 1203 3709 1274; baseline 0 -17"><span class='ocrx_word' id='word_1_495' title='bbox 2160 1207 2382 1268; x_wconf 89' lang='lat' dir='ltr'><strong>nalibus,</strong></span> <span class='ocrx_word' id='word_1_496' title='bbox 2431 1206 2566 1258; x_wconf 90' lang='lat' dir='ltr'><strong>linea</strong></span> <span class='ocrx_word' id='word_1_497' title='bbox 2594 1207 2798 1269; x_wconf 83' lang='lat' dir='ltr'><strong>stricta,</strong></span> <span class='ocrx_word' id='word_1_498' title='bbox 2829 1205 3038 1274; x_wconf 86' lang='lat' dir='ltr'><strong>cingulo</strong></span> <span class='ocrx_word' id='word_1_499' title='bbox 3077 1213 3132 1258; x_wconf 92' lang='lat' dir='ltr'><strong>et</strong></span> <span class='ocrx_word' id='word_1_500' title='bbox 3171 1206 3298 1257; x_wconf 85' lang='lat' dir='ltr'><strong>tiara</strong></span> <span class='ocrx_word' id='word_1_501' title='bbox 3343 1213 3574 1257; x_wconf 86' lang='lat' dir='ltr'><strong>utantur.</strong></span> <span class='ocrx_word' id='word_1_502' title='bbox 3615 1203 3709 1258; x_wconf 77' lang='lat' dir='ltr'><strong>Ve-</strong></span> 
     </span>
    </p>
   </div>
   <div class='ocr_carea' id='block_1_73' title="bbox 2160 1294 3702 1363">
    <p class='ocr_par' dir='ltr' id='par_1_73' title="bbox 2160 1294 3702 1363">
     <span class='ocr_line' id='line_1_73' title="bbox 2160 1294 3702 1363; baseline -0.002 -14"><span class='ocrx_word' id='word_1_503' title='bbox 2160 1312 2272 1349; x_wconf 91' lang='lat' dir='ltr'><strong>rum</strong></span> <span class='ocrx_word' id='word_1_504' title='bbox 2295 1336 2309 1359; x_wconf 89' lang='lat'><strong>,</strong></span> <span class='ocrx_word' id='word_1_505' title='bbox 2342 1295 2458 1363; x_wconf 90' lang='lat' dir='ltr'><strong>quia</strong></span> <span class='ocrx_word' id='word_1_506' title='bbox 2484 1294 2550 1348; x_wconf 90' lang='lat' dir='ltr'><strong>de</strong></span> <span class='ocrx_word' id='word_1_507' title='bbox 2575 1294 2780 1347; x_wconf 62' lang='lat' dir='ltr'><strong>caeteris</strong></span> <span class='ocrx_word' id='word_1_508' title='bbox 2811 1309 2968 1362; x_wconf 76' lang='lat' dir='ltr'><strong>supra</strong></span> <span class='ocrx_word' id='word_1_509' title='bbox 2998 1303 3270 1348; x_wconf 83' lang='lat' dir='ltr'><strong>tractatum</strong></span> <span class='ocrx_word' id='word_1_510' title='bbox 3299 1303 3414 1359; x_wconf 85' lang='lat' dir='ltr'><strong>est,</strong></span> <span class='ocrx_word' id='word_1_511' title='bbox 3444 1295 3702 1347; x_wconf 86' lang='lat' dir='ltr'><strong>fetninalia</strong></span> 
     </span>
    </p>
   </div>
   <div class='ocr_carea' id='block_1_74' title="bbox 2161 1387 3705 1455">
    <p class='ocr_par' dir='ltr' id='par_1_74' title="bbox 2161 1387 3705 1455">
     <span class='ocr_line' id='line_1_74' title="bbox 2161 1387 3705 1455; baseline 0.001 -13"><span class='ocrx_word' id='word_1_512' title='bbox 2161 1389 2272 1442; x_wconf 66' lang='lat' dir='ltr'><strong>haec</strong></span> <span class='ocrx_word' id='word_1_513' title='bbox 2317 1404 2431 1453; x_wconf 72' lang='lat' dir='ltr'><strong>qttu:</strong></span> <span class='ocrx_word' id='word_1_514' title='bbox 2479 1387 2543 1441; x_wconf 89' lang='lat' dir='ltr'><strong>ad</strong></span> <span class='ocrx_word' id='word_1_515' title='bbox 2584 1387 2919 1455; x_wconf 88' lang='lat' dir='ltr'><strong>operiendam</strong></span> <span class='ocrx_word' id='word_1_516' title='bbox 2962 1388 3135 1440; x_wconf 90' lang='lat' dir='ltr'><strong>carnis</strong></span> <span class='ocrx_word' id='word_1_517' title='bbox 3177 1388 3551 1454; x_wconf 88' lang='lat' dir='ltr'><strong>turpitudinem</strong></span> <span class='ocrx_word' id='word_1_518' title='bbox 3598 1388 3705 1443; x_wconf 80' lang='lat' dir='ltr'><strong>fieri</strong></span> 
     </span>
    </p>
   </div>
   <div class='ocr_carea' id='block_1_75' title="bbox 2163 1475 3708 1545">
    <p class='ocr_par' dir='ltr' id='par_1_75' title="bbox 2163 1475 3708 1545">
     <span class='ocr_line' id='line_1_75' title="bbox 2163 1475 3708 1545; baseline 0 -17"><span class='ocrx_word' id='word_1_519' title='bbox 2163 1476 2493 1540; x_wconf 79' lang='lat' dir='ltr'><strong>mandantur,</strong></span> <span class='ocrx_word' id='word_1_520' title='bbox 2524 1476 2662 1528; x_wconf 87' lang='lat' dir='ltr'><strong>illam</strong></span> <span class='ocrx_word' id='word_1_521' title='bbox 2694 1476 3018 1529; x_wconf 73' lang='lat' dir='ltr'><strong>castimonia:</strong></span> <span class='ocrx_word' id='word_1_522' title='bbox 3049 1475 3363 1542; x_wconf 90' lang='lat' dir='ltr'><strong>portionem,</strong></span> <span class='ocrx_word' id='word_1_523' title='bbox 3386 1491 3502 1545; x_wconf 70' lang='lat' dir='ltr'><strong>qua!</strong></span> <span class='ocrx_word' id='word_1_524' title='bbox 3527 1478 3598 1531; x_wconf 84' lang='lat' dir='ltr'><strong>ab</strong></span> <span class='ocrx_word' id='word_1_525' title='bbox 3620 1493 3708 1545; x_wconf 63' lang='lat' dir='ltr'><strong>apo</strong></span> 
     </span>
    </p>
   </div>
   <div class='ocr_carea' id='block_1_76' title="bbox 2164 1563 3707 1635">
    <p class='ocr_par' dir='ltr' id='par_1_76' title="bbox 2164 1563 3707 1635">
     <span class='ocr_line' id='line_1_76' title="bbox 2164 1563 3707 1635; baseline 0.001 -16"><span class='ocrx_word' id='word_1_526' title='bbox 2164 1567 2327 1635; x_wconf 90' lang='lat' dir='ltr'><strong>petitu</strong></span> <span class='ocrx_word' id='word_1_527' title='bbox 2357 1565 2561 1631; x_wconf 62' lang='lat' dir='ltr'><strong>capulo:</strong></span> <span class='ocrx_word' id='word_1_528' title='bbox 2591 1563 2882 1634; x_wconf 84' lang='lat' dir='ltr'><strong>conjngalis</strong></span> <span class='ocrx_word' id='word_1_529' title='bbox 2908 1565 3138 1632; x_wconf 86' lang='lat' dir='ltr'><strong>cohibet,</strong></span> <span class='ocrx_word' id='word_1_530' title='bbox 3172 1568 3381 1635; x_wconf 89' lang='lat' dir='ltr'><strong>proprie</strong></span> <span class='ocrx_word' id='word_1_531' title='bbox 3410 1568 3707 1635; x_wconf 81' lang='lat' dir='ltr'><strong>designant,</strong></span> 
     </span>
    </p>
   </div>
   <div class='ocr_carea' id='block_1_77' title="bbox 2161 1658 3709 1726">
    <p class='ocr_par' dir='ltr' id='par_1_77' title="bbox 2161 1658 3709 1726">
     <span class='ocr_line' id='line_1_77' title="bbox 2161 1658 3709 1726; baseline 0.001 -14"><span class='ocrx_word' id='word_1_532' title='bbox 2161 1661 2274 1712; x_wconf 85' lang='lat' dir='ltr'><strong>sine</strong></span> <span class='ocrx_word' id='word_1_533' title='bbox 2303 1673 2400 1726; x_wconf 90' lang='lat' dir='ltr'><strong>qua</strong></span> <span class='ocrx_word' id='word_1_534' title='bbox 2432 1672 2585 1712; x_wconf 88' lang='lat' dir='ltr'><strong>nemo</strong></span> <span class='ocrx_word' id='word_1_535' title='bbox 2615 1661 2694 1712; x_wconf 85' lang='lat' dir='ltr'><strong>vel</strong></span> <span class='ocrx_word' id='word_1_536' title='bbox 2727 1658 3077 1712; x_wconf 87' lang='lat' dir='ltr'><strong>sacerdotium</strong></span> <span class='ocrx_word' id='word_1_537' title='bbox 3114 1660 3399 1726; x_wconf 77' lang='lat' dir='ltr'><strong>suscipere,</strong></span> <span class='ocrx_word' id='word_1_538' title='bbox 3437 1660 3514 1713; x_wconf 85' lang='lat' dir='ltr'><strong>vel</strong></span> <span class='ocrx_word' id='word_1_539' title='bbox 3543 1662 3608 1714; x_wconf 90' lang='lat' dir='ltr'><strong>ad</strong></span> <span class='ocrx_word' id='word_1_540' title='bbox 3635 1663 3709 1714; x_wconf 84' lang='lat' dir='ltr'><strong>al-</strong></span> 
     </span>
    </p>
   </div>
   <div class='ocr_carea' id='block_1_78' title="bbox 2092 1729 3708 1817">
    <p class='ocr_par' dir='ltr' id='par_1_78' title="bbox 2092 1729 3708 1817">
     <span class='ocr_line' id='line_1_78' title="bbox 2092 1729 3708 1817; baseline 0.004 -18"><span class='ocrx_word' id='word_1_541' title='bbox 2092 1729 2133 1786; x_wconf 74' lang='grc' dir='ltr'>Β</span> <span class='ocrx_word' id='word_1_542' title='bbox 2163 1749 2287 1800; x_wconf 88' lang='lat' dir='ltr'><strong>taris</strong></span> <span class='ocrx_word' id='word_1_543' title='bbox 2311 1755 2481 1815; x_wconf 89' lang='lat' dir='ltr'><strong>potest</strong></span> <span class='ocrx_word' id='word_1_544' title='bbox 2507 1748 2850 1802; x_wconf 87' lang='lat' dir='ltr'><strong>ministerium</strong></span> <span class='ocrx_word' id='word_1_545' title='bbox 2877 1749 3192 1814; x_wconf 84' lang='lat' dir='ltr'><strong>consecrari,</strong></span> <span class='ocrx_word' id='word_1_546' title='bbox 3225 1749 3273 1802; x_wconf 84' lang='lat' dir='ltr'><strong>id</strong></span> <span class='ocrx_word' id='word_1_547' title='bbox 3297 1759 3400 1817; x_wconf 89' lang='lat' dir='ltr'><strong>est,</strong></span> <span class='ocrx_word' id='word_1_548' title='bbox 3432 1751 3475 1803; x_wconf 88' lang='lat' dir='ltr'><strong>si</strong></span> <span class='ocrx_word' id='word_1_549' title='bbox 3499 1765 3603 1804; x_wconf 90' lang='lat' dir='ltr'><strong>non</strong></span> <span class='ocrx_word' id='word_1_550' title='bbox 3625 1761 3708 1811; x_wconf 84' lang='lat' dir='ltr'><strong>aut</strong></span> 
     </span>
    </p>
   </div>
   <div class='ocr_carea' id='block_1_79' title="bbox 2161 1839 3708 1909">
    <p class='ocr_par' dir='ltr' id='par_1_79' title="bbox 2161 1839 3708 1909">
     <span class='ocr_line' id='line_1_79' title="bbox 2161 1839 3708 1909; baseline 0.004 -21"><span class='ocrx_word' id='word_1_551' title='bbox 2161 1839 2305 1906; x_wconf 88' lang='lat' dir='ltr'><strong>virgo</strong></span> <span class='ocrx_word' id='word_1_552' title='bbox 2334 1840 2703 1906; x_wconf 88' lang='lat' dir='ltr'><strong>permanserit,</strong></span> <span class='ocrx_word' id='word_1_553' title='bbox 2734 1846 2826 1892; x_wconf 90' lang='lat' dir='ltr'><strong>aut</strong></span> <span class='ocrx_word' id='word_1_554' title='bbox 2851 1849 3121 1892; x_wconf 90' lang='lat' dir='ltr'><strong>contracta</strong></span> <span class='ocrx_word' id='word_1_555' title='bbox 3152 1843 3354 1894; x_wconf 70' lang='lat' dir='ltr'><strong>uxoriae</strong></span> <span class='ocrx_word' id='word_1_556' title='bbox 3383 1842 3708 1909; x_wconf 84' lang='lat' dir='ltr'><strong>conjunctio-</strong></span> 
     </span>
    </p>
   </div>
   <div class='ocr_carea' id='block_1_80' title="bbox 2159 1927 3709 1997">
    <p class='ocr_par' dir='ltr' id='par_1_80' title="bbox 2159 1927 3709 1997">
     <span class='ocr_line' id='line_1_80' title="bbox 2159 1927 3709 1997; baseline 0 -15"><span class='ocrx_word' id='word_1_557' title='bbox 2159 1929 2240 1982; x_wconf 86' lang='lat' dir='ltr'><strong>tiis</strong></span> <span class='ocrx_word' id='word_1_558' title='bbox 2285 1927 2481 1982; x_wconf 77' lang='lat' dir='ltr'><strong>fcedera</strong></span> <span class='ocrx_word' id='word_1_559' title='bbox 2527 1928 2762 1982; x_wconf 89' lang='lat' dir='ltr'><strong>solverit.</strong></span> <span class='ocrx_word' id='word_1_560' title='bbox 2805 1927 2956 1993; x_wconf 86' lang='lat' dir='ltr'><strong>Quod</strong></span> <span class='ocrx_word' id='word_1_561' title='bbox 3006 1927 3249 1982; x_wconf 78' lang='lat' dir='ltr'><strong>videlicet</strong></span> <span class='ocrx_word' id='word_1_562' title='bbox 3293 1944 3456 1997; x_wconf 88' lang='lat' dir='ltr'><strong>genus</strong></span> <span class='ocrx_word' id='word_1_563' title='bbox 3507 1929 3709 1984; x_wconf 84' lang='lat' dir='ltr'><strong>virtutis</strong></span> 
     </span>
    </p>
   </div>
   <div class='ocr_carea' id='block_1_81' title="bbox 2160 2017 3705 2086">
    <p class='ocr_par' dir='ltr' id='par_1_81' title="bbox 2160 2017 3705 2086">
     <span class='ocr_line' id='line_1_81' title="bbox 2160 2017 3705 2086; baseline 0.001 -15"><span class='ocrx_word' id='word_1_564' title='bbox 2160 2017 2287 2071; x_wconf 92' lang='lat' dir='ltr'><strong>nulli</strong></span> <span class='ocrx_word' id='word_1_565' title='bbox 2317 2033 2408 2084; x_wconf 82' lang='lat' dir='ltr'><strong>per</strong></span> <span class='ocrx_word' id='word_1_566' title='bbox 2436 2018 2604 2086; x_wconf 87' lang='lat' dir='ltr'><strong>legem</strong></span> <span class='ocrx_word' id='word_1_567' title='bbox 2643 2017 2734 2072; x_wconf 90' lang='lat' dir='ltr'><strong>Dei</strong></span> <span class='ocrx_word' id='word_1_568' title='bbox 2766 2017 3065 2072; x_wconf 85' lang='lat' dir='ltr'><strong>necessario</strong></span> <span class='ocrx_word' id='word_1_569' title='bbox 3106 2017 3454 2084; x_wconf 88' lang='lat' dir='ltr'><strong>imperatum,</strong></span> <span class='ocrx_word' id='word_1_570' title='bbox 3496 2018 3590 2072; x_wconf 87' lang='lat' dir='ltr'><strong>sed</strong></span> <span class='ocrx_word' id='word_1_571' title='bbox 3617 2032 3705 2072; x_wconf 58' lang='lat' dir='ltr'><strong>voc</strong></span> 
     </span>
    </p>
   </div>
   <div class='ocr_carea' id='block_1_82' title="bbox 2163 2105 3710 2172">
    <p class='ocr_par' dir='ltr' id='par_1_82' title="bbox 2163 2105 3710 2172">
     <span class='ocr_line' id='line_1_82' title="bbox 2163 2105 3710 2172; baseline 0 -11"><span class='ocrx_word' id='word_1_572' title='bbox 2163 2108 2385 2161; x_wconf 87' lang='lat' dir='ltr'><strong>luntaria</strong></span> <span class='ocrx_word' id='word_1_573' title='bbox 2425 2119 2504 2162; x_wconf 91' lang='lat' dir='ltr'><strong>est</strong></span> <span class='ocrx_word' id='word_1_574' title='bbox 2533 2107 2813 2161; x_wconf 79' lang='lat' dir='ltr'><strong>devmione</strong></span> <span class='ocrx_word' id='word_1_575' title='bbox 2855 2107 3080 2161; x_wconf 89' lang='lat' dir='ltr'><strong>Domino</strong></span> <span class='ocrx_word' id='word_1_576' title='bbox 3113 2105 3434 2161; x_wconf 73' lang='lat' dir='ltr'><strong>olferendurn</strong></span> <span class='ocrx_word' id='word_1_577' title='bbox 3455 2149 3471 2172; x_wconf 91' lang='lat'><strong>,</strong></span> <span class='ocrx_word' id='word_1_578' title='bbox 3504 2107 3710 2161; x_wconf 78' lang='lat' dir='ltr'><strong>dicente</strong></span> 
     </span>
    </p>
   </div>
   <div class='ocr_carea' id='block_1_83' title="bbox 2162 2195 3712 2268">
    <p class='ocr_par' dir='ltr' id='par_1_83' title="bbox 2162 2195 3712 2268">
     <span class='ocr_line' id='line_1_83' title="bbox 2162 2195 3712 2268; baseline -0.005 -15"><span class='ocrx_word' id='word_1_579' title='bbox 2162 2201 2275 2268; x_wconf 89' lang='lat' dir='ltr'><strong>ipso</strong></span> <span class='ocrx_word' id='word_1_580' title='bbox 2325 2199 2390 2252; x_wconf 90' lang='lat' dir='ltr'><strong>de</strong></span> <span class='ocrx_word' id='word_1_581' title='bbox 2445 2199 2545 2253; x_wconf 87' lang='lat' dir='ltr'><strong>hoc</strong></span> <span class='ocrx_word' id='word_1_582' title='bbox 2610 2216 2620 2249; x_wconf 88' lang='lat'><strong>:</strong></span> <span class='ocrx_word' id='word_1_583' title='bbox 2687 2196 2808 2250; x_wconf 80' lang='lat' dir='ltr'><strong>Non</strong></span> <span class='ocrx_word' id='word_1_584' title='bbox 2861 2213 3030 2249; x_wconf 73' lang='lat' dir='ltr'><strong>omnes</strong></span> <span class='ocrx_word' id='word_1_585' title='bbox 3077 2196 3279 2260; x_wconf 81' lang='lat' dir='ltr'><strong>capiunt</strong></span> <span class='ocrx_word' id='word_1_586' title='bbox 3329 2197 3534 2246; x_wconf 77' lang='lat' dir='ltr'><strong>verbum</strong></span> <span class='ocrx_word' id='word_1_587' title='bbox 3581 2195 3712 2247; x_wconf 74' lang='lat' dir='ltr'><strong>istud</strong></span> 
     </span>
    </p>
   </div>
   <div class='ocr_carea' id='block_1_84' title="bbox 2162 2285 3712 2362">
    <p class='ocr_par' dir='ltr' id='par_1_84' title="bbox 2162 2285 3712 2362">
     <span class='ocr_line' id='line_1_84' title="bbox 2162 2285 3712 2362; baseline -0.003 -19"><span class='ocrx_word' id='word_1_588' title='bbox 2162 2290 2371 2362; x_wconf 71' lang='lat' dir='ltr'><strong>(Matth.</strong></span> <span class='ocrx_word' id='word_1_589' title='bbox 2401 2291 2529 2357; x_wconf 72' lang='grc' dir='ltr'>ιιι).</span> <span class='ocrx_word' id='word_1_590' title='bbox 2572 2289 2648 2342; x_wconf 83' lang='lat' dir='ltr'><strong>Ad</strong></span> <span class='ocrx_word' id='word_1_591' title='bbox 2679 2302 2832 2357; x_wconf 88' lang='lat' dir='ltr'><strong>quam</strong></span> <span class='ocrx_word' id='word_1_592' title='bbox 2864 2298 3036 2339; x_wconf 85' lang='lat' dir='ltr'><strong>tamen</strong></span> <span class='ocrx_word' id='word_1_593' title='bbox 3071 2285 3290 2354; x_wconf 89' lang='lat' dir='ltr'><strong>benigna</strong></span> <span class='ocrx_word' id='word_1_594' title='bbox 3322 2301 3441 2338; x_wconf 78' lang='lat' dir='ltr'><strong>mox</strong></span> <span class='ocrx_word' id='word_1_595' title='bbox 3471 2285 3712 2339; x_wconf 52' lang='lat' dir='ltr'><strong>exhorta.</strong></span> 
     </span>
    </p>
   </div>
   <div class='ocr_carea' id='block_1_85' title="bbox 2165 2376 3706 2447">
    <p class='ocr_par' dir='ltr' id='par_1_85' title="bbox 2165 2376 3706 2447">
     <span class='ocr_line' id='line_1_85' title="bbox 2165 2376 3706 2447; baseline -0.001 -16"><span class='ocrx_word' id='word_1_596' title='bbox 2165 2381 2303 2434; x_wconf 91' lang='lat' dir='ltr'><strong>tione</strong></span> <span class='ocrx_word' id='word_1_597' title='bbox 2331 2394 2444 2444; x_wconf 86' lang='lat' dir='ltr'><strong>eos,</strong></span> <span class='ocrx_word' id='word_1_598' title='bbox 2472 2380 2556 2446; x_wconf 90' lang='lat' dir='ltr'><strong>qui</strong></span> <span class='ocrx_word' id='word_1_599' title='bbox 2591 2379 2808 2446; x_wconf 87' lang='lat' dir='ltr'><strong>possint,</strong></span> <span class='ocrx_word' id='word_1_600' title='bbox 2840 2376 3026 2429; x_wconf 87' lang='lat' dir='ltr'><strong>invitat</strong></span> <span class='ocrx_word' id='word_1_601' title='bbox 3053 2377 3235 2430; x_wconf 87' lang='lat' dir='ltr'><strong>dicens</strong></span> <span class='ocrx_word' id='word_1_602' title='bbox 3261 2391 3276 2429; x_wconf 95' lang='lat'><strong>:</strong></span> <span class='ocrx_word' id='word_1_603' title='bbox 3308 2377 3406 2440; x_wconf 75' lang='lat' dir='ltr'><strong>Qui</strong></span> <span class='ocrx_word' id='word_1_604' title='bbox 3434 2387 3605 2447; x_wconf 71' lang='grc' dir='ltr'>ρυιειι</span> <span class='ocrx_word' id='word_1_605' title='bbox 3633 2393 3706 2430; x_wconf 75' lang='lat' dir='ltr'><strong>ca-</strong></span> 
     </span>
    </p>
   </div>
   <div class='ocr_carea' id='block_1_86' title="bbox 2165 2468 3707 2538">
    <p class='ocr_par' dir='ltr' id='par_1_86' title="bbox 2165 2468 3707 2538">
     <span class='ocr_line' id='line_1_86' title="bbox 2165 2468 3707 2538; baseline -0.001 -15"><span class='ocrx_word' id='word_1_606' title='bbox 2165 2487 2279 2538; x_wconf 87' lang='lat' dir='ltr'><strong>pere</strong></span> <span class='ocrx_word' id='word_1_607' title='bbox 2303 2512 2317 2535; x_wconf 96' lang='lat'><strong>,</strong></span> <span class='ocrx_word' id='word_1_608' title='bbox 2364 2471 2550 2538; x_wconf 84' lang='lat' dir='ltr'><strong>capiat.</strong></span> <span class='ocrx_word' id='word_1_609' title='bbox 2599 2470 2660 2522; x_wconf 82' lang='lat' dir='ltr'><strong>Et</strong></span> <span class='ocrx_word' id='word_1_610' title='bbox 2690 2469 2841 2537; x_wconf 89' lang='lat' dir='ltr'><strong>paulo</strong></span> <span class='ocrx_word' id='word_1_611' title='bbox 2869 2478 2984 2536; x_wconf 89' lang='lat' dir='ltr'><strong>post</strong></span> <span class='ocrx_word' id='word_1_612' title='bbox 3011 2469 3206 2523; x_wconf 87' lang='lat' dir='ltr'><strong>eisdem</strong></span> <span class='ocrx_word' id='word_1_613' title='bbox 3238 2468 3325 2537; x_wconf 90' lang='lat' dir='ltr'><strong>qui</strong></span> <span class='ocrx_word' id='word_1_614' title='bbox 3360 2471 3440 2521; x_wconf 90' lang='lat' dir='ltr'><strong>vel</strong></span> <span class='ocrx_word' id='word_1_615' title='bbox 3473 2484 3707 2533; x_wconf 81' lang='lat' dir='ltr'><strong>uxorem,</strong></span> 
     </span>
    </p>
   </div>
   <div class='ocr_carea' id='block_1_87' title="bbox 2163 2559 3708 2628">
    <p class='ocr_par' dir='ltr' id='par_1_87' title="bbox 2163 2559 3708 2628">
     <span class='ocr_line' id='line_1_87' title="bbox 2163 2559 3708 2628; baseline -0.001 -15"><span class='ocrx_word' id='word_1_616' title='bbox 2163 2563 2244 2613; x_wconf 85' lang='lat' dir='ltr'><strong>vel</strong></span> <span class='ocrx_word' id='word_1_617' title='bbox 2291 2561 2427 2613; x_wconf 91' lang='lat' dir='ltr'><strong>alios</strong></span> <span class='ocrx_word' id='word_1_618' title='bbox 2473 2569 2745 2628; x_wconf 82' lang='lat' dir='ltr'><strong>cognatos,</strong></span> <span class='ocrx_word' id='word_1_619' title='bbox 2795 2570 2847 2614; x_wconf 93' lang='lat' dir='ltr'><strong>et</strong></span> <span class='ocrx_word' id='word_1_620' title='bbox 2894 2559 3281 2627; x_wconf 87' lang='lat' dir='ltr'><strong>implicamenta</strong></span> <span class='ocrx_word' id='word_1_621' title='bbox 3329 2559 3513 2612; x_wconf 87' lang='lat' dir='ltr'><strong>mundi</strong></span> <span class='ocrx_word' id='word_1_622' title='bbox 3562 2559 3708 2627; x_wconf 80' lang='lat' dir='ltr'><strong>liujus</strong></span> 
     </span>
    </p>
   </div>
   <div class='ocr_carea' id='block_1_88' title="bbox 2166 2650 3708 2720">
    <p class='ocr_par' dir='ltr' id='par_1_88' title="bbox 2166 2650 3708 2720">
     <span class='ocr_line' id='line_1_88' title="bbox 2166 2650 3708 2720; baseline 0.001 -17"><span class='ocrx_word' id='word_1_623' title='bbox 2166 2662 2376 2719; x_wconf 90' lang='lat' dir='ltr'><strong>propter</strong></span> <span class='ocrx_word' id='word_1_624' title='bbox 2424 2651 2594 2719; x_wconf 73' lang='lat' dir='ltr'><strong>ipsum</strong></span> <span class='ocrx_word' id='word_1_625' title='bbox 2640 2651 2963 2719; x_wconf 87' lang='lat' dir='ltr'><strong>reliquerint,</strong></span> <span class='ocrx_word' id='word_1_626' title='bbox 3012 2653 3312 2720; x_wconf 82' lang='lat' dir='ltr'><strong>centuplum</strong></span> <span class='ocrx_word' id='word_1_627' title='bbox 3362 2650 3619 2720; x_wconf 86' lang='lat' dir='ltr'><strong>promittit</strong></span> <span class='ocrx_word' id='word_1_628' title='bbox 3659 2651 3708 2705; x_wconf 84' lang='lat' dir='ltr'><strong>iu</strong></span> 
     </span>
    </p>
   </div>
   <div class='ocr_carea' id='block_1_89' title="bbox 2165 2744 3706 2814">
    <p class='ocr_par' dir='ltr' id='par_1_89' title="bbox 2165 2744 3706 2814">
     <span class='ocr_line' id='line_1_89' title="bbox 2165 2744 3706 2814; baseline 0 -17"><span class='ocrx_word' id='word_1_629' title='bbox 2165 2745 2261 2798; x_wconf 89' lang='lat' dir='ltr'><strong>bac</strong></span> <span class='ocrx_word' id='word_1_630' title='bbox 2291 2747 2394 2799; x_wconf 85' lang='lat' dir='ltr'><strong>vita</strong></span> <span class='ocrx_word' id='word_1_631' title='bbox 2426 2745 2696 2814; x_wconf 57' lang='lat' dir='ltr'><strong>praemium</strong></span> <span class='ocrx_word' id='word_1_632' title='bbox 2718 2787 2732 2812; x_wconf 92' lang='lat'><strong>,</strong></span> <span class='ocrx_word' id='word_1_633' title='bbox 2763 2754 2818 2799; x_wconf 89' lang='lat' dir='ltr'><strong>et</strong></span> <span class='ocrx_word' id='word_1_634' title='bbox 2845 2746 2895 2799; x_wconf 92' lang='lat' dir='ltr'><strong>in</strong></span> <span class='ocrx_word' id='word_1_635' title='bbox 2936 2744 3130 2799; x_wconf 65' lang='lat' dir='ltr'><strong>saeculo</strong></span> <span class='ocrx_word' id='word_1_636' title='bbox 3159 2745 3334 2799; x_wconf 88' lang='lat' dir='ltr'><strong>futuro</strong></span> <span class='ocrx_word' id='word_1_637' title='bbox 3364 2744 3527 2798; x_wconf 88' lang='lat' dir='ltr'><strong>vitam</strong></span> <span class='ocrx_word' id='word_1_638' title='bbox 3557 2754 3706 2798; x_wconf 74' lang='lat' dir='ltr'><strong>:rter-</strong></span> 
     </span>
    </p>
   </div>
   <div class='ocr_carea' id='block_1_90' title="bbox 2166 2830 3708 2906">
    <p class='ocr_par' dir='ltr' id='par_1_90' title="bbox 2166 2830 3708 2906">
     <span class='ocr_line' id='line_1_90' title="bbox 2166 2830 3708 2906; baseline 0.001 -17"><span class='ocrx_word' id='word_1_639' title='bbox 2166 2851 2306 2890; x_wconf 91' lang='lat' dir='ltr'><strong>nam.</strong></span> <span class='ocrx_word' id='word_1_640' title='bbox 2340 2835 2487 2890; x_wconf 88' lang='lat' dir='ltr'><strong>Unde</strong></span> <span class='ocrx_word' id='word_1_641' title='bbox 2513 2830 2655 2891; x_wconf 73' lang='lat' dir='ltr'><strong>certe</strong></span> <span class='ocrx_word' id='word_1_642' title='bbox 2682 2838 2844 2906; x_wconf 90' lang='lat' dir='ltr'><strong>gratia</strong></span> <span class='ocrx_word' id='word_1_643' title='bbox 2870 2835 3218 2891; x_wconf 88' lang='lat' dir='ltr'><strong>distinctionis</strong></span> <span class='ocrx_word' id='word_1_644' title='bbox 3248 2852 3351 2889; x_wconf 91' lang='lat' dir='ltr'><strong>non</strong></span> <span class='ocrx_word' id='word_1_645' title='bbox 3381 2836 3591 2906; x_wconf 75' lang='lat' dir='ltr'><strong>Moyses</strong></span> <span class='ocrx_word' id='word_1_646' title='bbox 3616 2835 3708 2890; x_wconf 78' lang='lat' dir='ltr'><strong>hoc</strong></span> 
     </span>
    </p>
   </div>
   <div class='ocr_carea' id='block_1_91' title="bbox 2166 2926 3708 2995">
    <p class='ocr_par' dir='ltr' id='par_1_91' title="bbox 2166 2926 3708 2995">
     <span class='ocr_line' id='line_1_91' title="bbox 2166 2926 3708 2995; baseline 0 -16"><span class='ocrx_word' id='word_1_647' title='bbox 2166 2926 2468 2979; x_wconf 91' lang='lat' dir='ltr'><strong>indumento</strong></span> <span class='ocrx_word' id='word_1_648' title='bbox 2497 2927 2670 2980; x_wconf 85' lang='lat' dir='ltr'><strong>vestiri</strong></span> <span class='ocrx_word' id='word_1_649' title='bbox 2716 2929 2888 2980; x_wconf 81' lang='lat' dir='ltr'><strong>Aaron</strong></span> <span class='ocrx_word' id='word_1_650' title='bbox 2916 2937 2968 2980; x_wconf 91' lang='lat' dir='ltr'><strong>et</strong></span> <span class='ocrx_word' id='word_1_651' title='bbox 2999 2927 3135 2980; x_wconf 90' lang='lat' dir='ltr'><strong>filios</strong></span> <span class='ocrx_word' id='word_1_652' title='bbox 3177 2927 3290 2994; x_wconf 85' lang='lat' dir='ltr'><strong>ejus</strong></span> <span class='ocrx_word' id='word_1_653' title='bbox 3313 2926 3546 2995; x_wconf 88' lang='lat' dir='ltr'><strong>jubetur,</strong></span> <span class='ocrx_word' id='word_1_654' title='bbox 3577 2928 3708 2981; x_wconf 80' lang='lat' dir='ltr'><strong>sicut</strong></span> 
     </span>
    </p>
   </div>
   <div class='ocr_carea' id='block_1_92' title="bbox 2166 3016 3710 3083">
    <p class='ocr_par' dir='ltr' id='par_1_92' title="bbox 2166 3016 3710 3083">
     <span class='ocr_line' id='line_1_92' title="bbox 2166 3016 3710 3083; baseline 0.001 -15"><span class='ocrx_word' id='word_1_655' title='bbox 2166 3017 2231 3068; x_wconf 90' lang='lat' dir='ltr'><strong>de</strong></span> <span class='ocrx_word' id='word_1_656' title='bbox 2261 3017 2521 3083; x_wconf 82' lang='lat' dir='ltr'><strong>prioribus</strong></span> <span class='ocrx_word' id='word_1_657' title='bbox 2549 3017 2739 3070; x_wconf 91' lang='lat' dir='ltr'><strong>dicitur</strong></span> <span class='ocrx_word' id='word_1_658' title='bbox 2769 3034 2782 3068; x_wconf 93' lang='lat'><strong>:</strong></span> <span class='ocrx_word' id='word_1_659' title='bbox 2816 3016 3124 3081; x_wconf 79' lang='lat' dir='ltr'><strong>Vestiesque</strong></span> <span class='ocrx_word' id='word_1_660' title='bbox 3153 3017 3234 3070; x_wconf 86' lang='lat' dir='ltr'><strong>bis</strong></span> <span class='ocrx_word' id='word_1_661' title='bbox 3268 3019 3514 3072; x_wconf 79' lang='lat' dir='ltr'><strong>erunibus</strong></span> <span class='ocrx_word' id='word_1_662' title='bbox 3541 3022 3710 3071; x_wconf 75' lang='lat' dir='ltr'><strong>Aaron</strong></span> 
     </span>
    </p>
   </div>
   <div class='ocr_carea' id='block_1_93' title="bbox 2166 3105 3702 3178">
    <p class='ocr_par' dir='ltr' id='par_1_93' title="bbox 2166 3105 3702 3178">
     <span class='ocr_line' id='line_1_93' title="bbox 2166 3105 3702 3178; baseline -0.001 -20"><span class='ocrx_word' id='word_1_663' title='bbox 2166 3106 2374 3160; x_wconf 85' lang='lat' dir='ltr'><strong>fratrem</strong></span> <span class='ocrx_word' id='word_1_664' title='bbox 2401 3114 2566 3170; x_wconf 91' lang='lat' dir='ltr'><strong>tuum,</strong></span> <span class='ocrx_word' id='word_1_665' title='bbox 2585 3114 2636 3178; x_wconf 83' lang='lat' dir='ltr'><strong>et</strong></span> <span class='ocrx_word' id='word_1_666' title='bbox 2658 3105 2794 3158; x_wconf 81' lang='lat' dir='ltr'><strong>filios</strong></span> <span class='ocrx_word' id='word_1_667' title='bbox 2814 3105 2928 3173; x_wconf 87' lang='lat' dir='ltr'><strong>ejus</strong></span> <span class='ocrx_word' id='word_1_668' title='bbox 2947 3120 3065 3159; x_wconf 90' lang='lat' dir='ltr'><strong>cum</strong></span> <span class='ocrx_word' id='word_1_669' title='bbox 3087 3119 3170 3159; x_wconf 88' lang='lat' dir='ltr'><strong>eo.</strong></span> <span class='ocrx_word' id='word_1_670' title='bbox 3195 3105 3297 3160; x_wconf 87' lang='lat' dir='ltr'><strong>Sed</strong></span> <span class='ocrx_word' id='word_1_671' title='bbox 3321 3105 3502 3169; x_wconf 88' lang='lat' dir='ltr'><strong>facies,</strong></span> <span class='ocrx_word' id='word_1_672' title='bbox 3526 3106 3702 3171; x_wconf 51' lang='lat' dir='ltr'><strong>inquit,</strong></span> 
     </span>
    </p>
   </div>
   <div class='ocr_carea' id='block_1_94' title="bbox 2165 3195 3700 3265">
    <p class='ocr_par' dir='ltr' id='par_1_94' title="bbox 2165 3195 3700 3265">
     <span class='ocr_line' id='line_1_94' title="bbox 2165 3195 3700 3265; baseline 0.004 -20"><span class='ocrx_word' id='word_1_673' title='bbox 2165 3195 2423 3247; x_wconf 76' lang='lat' dir='ltr'><strong>feniinalta</strong></span> <span class='ocrx_word' id='word_1_674' title='bbox 2454 3196 2612 3260; x_wconf 89' lang='lat' dir='ltr'><strong>linea,</strong></span> <span class='ocrx_word' id='word_1_675' title='bbox 2639 3207 2692 3248; x_wconf 90' lang='grc' dir='ltr'><strong>ιιι</strong></span> <span class='ocrx_word' id='word_1_676' title='bbox 2718 3196 2964 3265; x_wconf 88' lang='lat' dir='ltr'><strong>operiant</strong></span> <span class='ocrx_word' id='word_1_677' title='bbox 2983 3211 3192 3250; x_wconf 84' lang='lat' dir='ltr'><strong>carnem</strong></span> <span class='ocrx_word' id='word_1_678' title='bbox 3219 3196 3558 3264; x_wconf 81' lang='lat' dir='ltr'><strong>turpitudinis</strong></span> <span class='ocrx_word' id='word_1_679' title='bbox 3582 3210 3700 3252; x_wconf 67' lang='lat' dir='ltr'><strong>sua.</strong></span> 
     </span>
    </p>
   </div>
   <div class='ocr_carea' id='block_1_95' title="bbox 2165 3285 3700 3356">
    <p class='ocr_par' dir='ltr' id='par_1_95' title="bbox 2165 3285 3700 3356">
     <span class='ocr_line' id='line_1_95' title="bbox 2165 3285 3700 3356; baseline 0 -18"><span class='ocrx_word' id='word_1_680' title='bbox 2165 3285 2300 3353; x_wconf 86' lang='lat' dir='ltr'><strong>Ipsi,</strong></span> <span class='ocrx_word' id='word_1_681' title='bbox 2343 3287 2545 3355; x_wconf 89' lang='lat' dir='ltr'><strong>inquit,</strong></span> <span class='ocrx_word' id='word_1_682' title='bbox 2587 3287 2824 3356; x_wconf 87' lang='lat' dir='ltr'><strong>operiant</strong></span> <span class='ocrx_word' id='word_1_683' title='bbox 2852 3302 3062 3342; x_wconf 89' lang='lat' dir='ltr'><strong>carnem</strong></span> <span class='ocrx_word' id='word_1_684' title='bbox 3104 3287 3436 3354; x_wconf 86' lang='lat' dir='ltr'><strong>turpitudinis</strong></span> <span class='ocrx_word' id='word_1_685' title='bbox 3474 3302 3618 3350; x_wconf 70' lang='lat' dir='ltr'><strong>sure,</strong></span> <span class='ocrx_word' id='word_1_686' title='bbox 3655 3299 3700 3338; x_wconf 91' lang='lat' dir='ltr'><strong>tu</strong></span> 
     </span>
    </p>
   </div>
   <div class='ocr_carea' id='block_1_96' title="bbox 2165 3375 3699 3446">
    <p class='ocr_par' dir='ltr' id='par_1_96' title="bbox 2165 3375 3699 3446">
     <span class='ocr_line' id='line_1_96' title="bbox 2165 3375 3699 3446; baseline 0.001 -18"><span class='ocrx_word' id='word_1_687' title='bbox 2165 3377 2424 3430; x_wconf 87' lang='lat' dir='ltr'><strong>feminalia</strong></span> <span class='ocrx_word' id='word_1_688' title='bbox 2472 3380 2698 3444; x_wconf 77' lang='lat' dir='ltr'><strong>pontifici</strong></span> <span class='ocrx_word' id='word_1_689' title='bbox 2742 3386 2795 3431; x_wconf 87' lang='lat' dir='ltr'><strong>et</strong></span> <span class='ocrx_word' id='word_1_690' title='bbox 2837 3377 2956 3432; x_wconf 88' lang='lat' dir='ltr'><strong>filiis</strong></span> <span class='ocrx_word' id='word_1_691' title='bbox 2995 3375 3106 3446; x_wconf 81' lang='lat' dir='ltr'><strong>ejus</strong></span> <span class='ocrx_word' id='word_1_692' title='bbox 3148 3376 3328 3438; x_wconf 79' lang='lat' dir='ltr'><strong>facies,</strong></span> <span class='ocrx_word' id='word_1_693' title='bbox 3362 3387 3416 3431; x_wconf 91' lang='lat' dir='ltr'><strong>tu</strong></span> <span class='ocrx_word' id='word_1_694' title='bbox 3459 3376 3699 3430; x_wconf 76' lang='lat' dir='ltr'><strong>castitatis</strong></span> 
     </span>
    </p>
   </div>
   <div class='ocr_carea' id='block_1_97' title="bbox 2165 3469 3698 3537">
    <p class='ocr_par' dir='ltr' id='par_1_97' title="bbox 2165 3469 3698 3537">
     <span class='ocr_line' id='line_1_97' title="bbox 2165 3469 3698 3537; baseline 0.001 -16"><span class='ocrx_word' id='word_1_695' title='bbox 2165 3470 2392 3537; x_wconf 83' lang='lat' dir='ltr'><strong>regulam</strong></span> <span class='ocrx_word' id='word_1_696' title='bbox 2436 3470 2672 3533; x_wconf 89' lang='lat' dir='ltr'><strong>docebis,</strong></span> <span class='ocrx_word' id='word_1_697' title='bbox 2723 3479 2776 3521; x_wconf 94' lang='lat' dir='ltr'><strong>tu</strong></span> <span class='ocrx_word' id='word_1_698' title='bbox 2821 3470 3183 3523; x_wconf 90' lang='lat' dir='ltr'><strong>abstinendum</strong></span> <span class='ocrx_word' id='word_1_699' title='bbox 3229 3469 3294 3521; x_wconf 91' lang='lat' dir='ltr'><strong>ab</strong></span> <span class='ocrx_word' id='word_1_700' title='bbox 3338 3469 3525 3522; x_wconf 73' lang='lat' dir='ltr'><strong>uxorio</strong></span> <span class='ocrx_word' id='word_1_701' title='bbox 3565 3485 3698 3522; x_wconf 86' lang='lat' dir='ltr'><strong>cotu-</strong></span> 
     </span>
    </p>
   </div>
   <div class='ocr_carea' id='block_1_98' title="bbox 2166 3559 3695 3628">
    <p class='ocr_par' dir='ltr' id='par_1_98' title="bbox 2166 3559 3695 3628">
     <span class='ocr_line' id='line_1_98' title="bbox 2166 3559 3695 3628; baseline 0.001 -18"><span class='ocrx_word' id='word_1_702' title='bbox 2166 3559 2316 3625; x_wconf 82' lang='lat' dir='ltr'><strong>plexu</strong></span> <span class='ocrx_word' id='word_1_703' title='bbox 2364 3562 2443 3613; x_wconf 86' lang='lat' dir='ltr'><strong>eis</strong></span> <span class='ocrx_word' id='word_1_704' title='bbox 2491 3560 2577 3628; x_wconf 90' lang='lat' dir='ltr'><strong>qui</strong></span> <span class='ocrx_word' id='word_1_705' title='bbox 2629 3561 2924 3613; x_wconf 88' lang='lat' dir='ltr'><strong>sacerdotio</strong></span> <span class='ocrx_word' id='word_1_706' title='bbox 2975 3559 3201 3613; x_wconf 89' lang='lat' dir='ltr'><strong>functuri</strong></span> <span class='ocrx_word' id='word_1_707' title='bbox 3251 3571 3371 3614; x_wconf 83' lang='lat' dir='ltr'><strong>sunt</strong></span> <span class='ocrx_word' id='word_1_708' title='bbox 3426 3561 3695 3614; x_wconf 86' lang='lat' dir='ltr'><strong>intitnabis.</strong></span> 
     </span>
    </p>
   </div>
   <div class='ocr_carea' id='block_1_99' title="bbox 2164 3647 3696 3717">
    <p class='ocr_par' dir='ltr' id='par_1_99' title="bbox 2164 3647 3696 3717">
     <span class='ocr_line' id='line_1_99' title="bbox 2164 3647 3696 3717; baseline 0 -17"><span class='ocrx_word' id='word_1_709' title='bbox 2164 3647 2297 3702; x_wconf 80' lang='lat' dir='ltr'><strong>Nulli</strong></span> <span class='ocrx_word' id='word_1_710' title='bbox 2328 3661 2499 3703; x_wconf 90' lang='lat' dir='ltr'><strong>tamen</strong></span> <span class='ocrx_word' id='word_1_711' title='bbox 2527 3651 2809 3703; x_wconf 87' lang='lat' dir='ltr'><strong>violentum</strong></span> <span class='ocrx_word' id='word_1_712' title='bbox 2842 3647 3139 3717; x_wconf 90' lang='lat' dir='ltr'><strong>bujusmodi</strong></span> <span class='ocrx_word' id='word_1_713' title='bbox 3166 3652 3508 3707; x_wconf 69' lang='lat' dir='ltr'><strong>continentia:</strong></span> <span class='ocrx_word' id='word_1_714' title='bbox 3529 3649 3696 3717; x_wconf 81' lang='lat' dir='ltr'><strong>jugutn</strong></span> 
     </span>
    </p>
   </div>
   <div class='ocr_carea' id='block_1_100' title="bbox 2167 3739 3697 3808">
    <p class='ocr_par' dir='ltr' id='par_1_100' title="bbox 2167 3739 3697 3808">
     <span class='ocr_line' id='line_1_100' title="bbox 2167 3739 3697 3808; baseline 0 -16"><span class='ocrx_word' id='word_1_715' title='bbox 2167 3740 2436 3804; x_wconf 81' lang='lat' dir='ltr'><strong>importes;</strong></span> <span class='ocrx_word' id='word_1_716' title='bbox 2463 3740 2554 3792; x_wconf 90' lang='lat' dir='ltr'><strong>sed</strong></span> <span class='ocrx_word' id='word_1_717' title='bbox 2585 3740 2878 3808; x_wconf 88' lang='lat' dir='ltr'><strong>quicunque</strong></span> <span class='ocrx_word' id='word_1_718' title='bbox 2900 3739 3198 3792; x_wconf 84' lang='lat' dir='ltr'><strong>sacerdotes</strong></span> <span class='ocrx_word' id='word_1_719' title='bbox 3224 3740 3359 3804; x_wconf 90' lang='lat' dir='ltr'><strong>fieri,</strong></span> <span class='ocrx_word' id='word_1_720' title='bbox 3392 3755 3452 3793; x_wconf 91' lang='lat' dir='ltr'><strong>ac</strong></span> <span class='ocrx_word' id='word_1_721' title='bbox 3480 3741 3697 3793; x_wconf 60' lang='lat' dir='ltr'><strong>ministe-</strong></span> 
     </span>
    </p>
   </div>
   <div class='ocr_carea' id='block_1_101' title="bbox 2168 3828 3695 3898">
    <p class='ocr_par' dir='ltr' id='par_1_101' title="bbox 2168 3828 3695 3898">
     <span class='ocr_line' id='line_1_101' title="bbox 2168 3828 3695 3898; baseline 0.003 -21"><span class='ocrx_word' id='word_1_722' title='bbox 2168 3830 2244 3880; x_wconf 91' lang='lat' dir='ltr'><strong>rio</strong></span> <span class='ocrx_word' id='word_1_723' title='bbox 2285 3831 2482 3883; x_wconf 85' lang='lat' dir='ltr'><strong>servire</strong></span> <span class='ocrx_word' id='word_1_724' title='bbox 2520 3828 2696 3882; x_wconf 88' lang='lat' dir='ltr'><strong>altaris</strong></span> <span class='ocrx_word' id='word_1_725' title='bbox 2737 3830 2935 3894; x_wconf 85' lang='lat' dir='ltr'><strong>volunt,</strong></span> <span class='ocrx_word' id='word_1_726' title='bbox 2977 3830 3074 3896; x_wconf 78' lang='lat' dir='ltr'><strong>ipsi</strong></span> <span class='ocrx_word' id='word_1_727' title='bbox 3123 3845 3216 3883; x_wconf 89' lang='lat' dir='ltr'><strong>sua</strong></span> <span class='ocrx_word' id='word_1_728' title='bbox 3264 3839 3454 3898; x_wconf 87' lang='lat' dir='ltr'><strong>sponte</strong></span> <span class='ocrx_word' id='word_1_729' title='bbox 3492 3846 3695 3884; x_wconf 77' lang='lat' dir='ltr'><strong>uxorum</strong></span> 
     </span>
    </p>
   </div>
   <div class='ocr_carea' id='block_1_102' title="bbox 2165 3917 3698 3984">
    <p class='ocr_par' dir='ltr' id='par_1_102' title="bbox 2165 3917 3698 3984">
     <span class='ocr_line' id='line_1_102' title="bbox 2165 3917 3698 3984; baseline 0.002 -17"><span class='ocrx_word' id='word_1_730' title='bbox 2165 3918 2300 3973; x_wconf 83' lang='lat' dir='ltr'><strong>servi</strong></span> <span class='ocrx_word' id='word_1_731' title='bbox 2347 3932 2461 3969; x_wconf 88' lang='lat' dir='ltr'><strong>esse</strong></span> <span class='ocrx_word' id='word_1_732' title='bbox 2508 3917 2779 3969; x_wconf 80' lang='lat' dir='ltr'><strong>tlesistant.</strong></span> <span class='ocrx_word' id='word_1_733' title='bbox 2826 3917 2972 3983; x_wconf 87' lang='lat' dir='ltr'><strong>Quod</strong></span> <span class='ocrx_word' id='word_1_734' title='bbox 3015 3917 3099 3970; x_wconf 88' lang='lat' dir='ltr'><strong>ubi</strong></span> <span class='ocrx_word' id='word_1_735' title='bbox 3142 3917 3486 3984; x_wconf 85' lang='lat' dir='ltr'><strong>perfeceriut,</strong></span> <span class='ocrx_word' id='word_1_736' title='bbox 3537 3931 3588 3974; x_wconf 85' lang='lat' dir='ltr'><strong>et</strong></span> <span class='ocrx_word' id='word_1_737' title='bbox 3626 3934 3698 3972; x_wconf 87' lang='lat' dir='ltr'><strong>su-</strong></span> 
     </span>
    </p>
   </div>
   <div class='ocr_carea' id='block_1_103' title="bbox 2165 4007 3698 4075">
    <p class='ocr_par' dir='ltr' id='par_1_103' title="bbox 2165 4007 3698 4075">
     <span class='ocr_line' id='line_1_103' title="bbox 2165 4007 3698 4075; baseline -0.001 -13"><span class='ocrx_word' id='word_1_738' title='bbox 2165 4018 2344 4075; x_wconf 90' lang='lat' dir='ltr'><strong>scepto</strong></span> <span class='ocrx_word' id='word_1_739' title='bbox 2374 4009 2533 4060; x_wconf 87' lang='lat' dir='ltr'><strong>semel</strong></span> <span class='ocrx_word' id='word_1_740' title='bbox 2562 4009 2894 4070; x_wconf 80' lang='lat' dir='ltr'><strong>continentiae</strong></span> <span class='ocrx_word' id='word_1_741' title='bbox 2925 4007 3188 4074; x_wconf 89' lang='lat' dir='ltr'><strong>proposito</strong></span> <span class='ocrx_word' id='word_1_742' title='bbox 3216 4008 3485 4060; x_wconf 64' lang='lat' dir='ltr'><strong>lttittisll‘i-S</strong></span> <span class='ocrx_word' id='word_1_743' title='bbox 3515 4023 3572 4063; x_wconf 85' lang='lat' dir='ltr'><strong>se</strong></span> <span class='ocrx_word' id='word_1_744' title='bbox 3597 4023 3698 4062; x_wconf 81' lang='lat' dir='ltr'><strong>san-</strong></span> 
     </span>
    </p>
   </div>
   <div class='ocr_carea' id='block_1_104' title="bbox 2165 4095 3698 4164">
    <p class='ocr_par' dir='ltr' id='par_1_104' title="bbox 2165 4095 3698 4164">
     <span class='ocr_line' id='line_1_104' title="bbox 2165 4095 3698 4164; baseline -0.001 -14"><span class='ocrx_word' id='word_1_745' title='bbox 2165 4096 2346 4150; x_wconf 88' lang='lat' dir='ltr'><strong>ctnarii</strong></span> <span class='ocrx_word' id='word_1_746' title='bbox 2387 4106 2541 4164; x_wconf 87' lang='lat' dir='ltr'><strong>atque</strong></span> <span class='ocrx_word' id='word_1_747' title='bbox 2583 4095 2905 4148; x_wconf 20' lang='lat' dir='ltr'><strong>altaris‘fore</strong></span> <span class='ocrx_word' id='word_1_748' title='bbox 2932 4096 3298 4158; x_wconf 90' lang='lat' dir='ltr'><strong>consentiunt,</strong></span> <span class='ocrx_word' id='word_1_749' title='bbox 3334 4097 3506 4149; x_wconf 80' lang='lat' dir='ltr'><strong>aderit</strong></span> <span class='ocrx_word' id='word_1_750' title='bbox 3534 4099 3608 4149; x_wconf 73' lang='lat' dir='ltr'><strong>lex</strong></span> <span class='ocrx_word' id='word_1_751' title='bbox 3637 4099 3698 4148; x_wconf 56' lang='lat' dir='ltr'><strong>dio</strong></span> 
     </span>
    </p>
   </div>
   <div class='ocr_carea' id='block_1_105' title="bbox 2169 4186 3694 4256">
    <p class='ocr_par' dir='ltr' id='par_1_105' title="bbox 2169 4186 3694 4256">
     <span class='ocr_line' id='line_1_105' title="bbox 2169 4186 3694 4256; baseline 0.002 -17"><span class='ocrx_word' id='word_1_752' title='bbox 2169 4188 2304 4250; x_wconf 86' lang='lat' dir='ltr'><strong>vina,</strong></span> <span class='ocrx_word' id='word_1_753' title='bbox 2335 4203 2452 4256; x_wconf 66' lang='lat' dir='ltr'><strong>qua:</strong></span> <span class='ocrx_word' id='word_1_754' title='bbox 2485 4187 2623 4240; x_wconf 88' lang='lat' dir='ltr'><strong>velut</strong></span> <span class='ocrx_word' id='word_1_755' title='bbox 2651 4197 2894 4240; x_wconf 71' lang='lat' dir='ltr'><strong>Caeterum</strong></span> <span class='ocrx_word' id='word_1_756' title='bbox 2925 4186 3058 4240; x_wconf 87' lang='lat' dir='ltr'><strong>illius</strong></span> <span class='ocrx_word' id='word_1_757' title='bbox 3089 4187 3320 4240; x_wconf 84' lang='lat' dir='ltr'><strong>habitum</strong></span> <span class='ocrx_word' id='word_1_758' title='bbox 3351 4189 3694 4243; x_wconf 80' lang='lat' dir='ltr'><strong>sacerdotibus</strong></span> 
     </span>
    </p>
   </div>
   <div class='ocr_carea' id='block_1_106' title="bbox 2166 4277 3700 4345">
    <p class='ocr_par' dir='ltr' id='par_1_106' title="bbox 2166 4277 3700 4345">
     <span class='ocr_line' id='line_1_106' title="bbox 2166 4277 3700 4345; baseline 0.004 -18"><span class='ocrx_word' id='word_1_759' title='bbox 2166 4292 2452 4345; x_wconf 87' lang='lat' dir='ltr'><strong>congruum</strong></span> <span class='ocrx_word' id='word_1_760' title='bbox 2486 4277 2778 4345; x_wconf 89' lang='lat' dir='ltr'><strong>imponens,</strong></span> <span class='ocrx_word' id='word_1_761' title='bbox 2811 4277 3073 4344; x_wconf 86' lang='lat' dir='ltr'><strong>quomodo</strong></span> <span class='ocrx_word' id='word_1_762' title='bbox 3100 4277 3280 4331; x_wconf 79' lang='lat' dir='ltr'><strong>vivere</strong></span> <span class='ocrx_word' id='word_1_763' title='bbox 3309 4280 3388 4332; x_wconf 88' lang='lat' dir='ltr'><strong>vel</strong></span> <span class='ocrx_word' id='word_1_764' title='bbox 3418 4279 3602 4334; x_wconf 79' lang='lat' dir='ltr'><strong>docere</strong></span> <span class='ocrx_word' id='word_1_765' title='bbox 3621 4280 3700 4333; x_wconf 80' lang='lat' dir='ltr'><strong>de-</strong></span> 
     </span>
    </p>
   </div>
   <div class='ocr_carea' id='block_1_107' title="bbox 2170 4366 3697 4439">
    <p class='ocr_par' dir='ltr' id='par_1_107' title="bbox 2170 4366 3697 4439">
     <span class='ocr_line' id='line_1_107' title="bbox 2170 4366 3697 4439; baseline 0.004 -21"><span class='ocrx_word' id='word_1_766' title='bbox 2170 4366 2325 4419; x_wconf 84' lang='lat' dir='ltr'><strong>beant</strong></span> <span class='ocrx_word' id='word_1_767' title='bbox 2365 4367 2694 4420; x_wconf 89' lang='lat' dir='ltr'><strong>abundanter</strong></span> <span class='ocrx_word' id='word_1_768' title='bbox 2735 4368 2999 4430; x_wconf 83' lang='lat' dir='ltr'><strong>instituat,</strong></span> <span class='ocrx_word' id='word_1_769' title='bbox 3031 4369 3468 4439; x_wconf 32' lang='lat' dir='ltr'><strong>congaudensque</strong></span> <span class='ocrx_word' id='word_1_770' title='bbox 3506 4379 3697 4439; x_wconf 86' lang='lat' dir='ltr'><strong>sponta-</strong></span> 
     </span>
    </p>
   </div>
   <div class='ocr_carea' id='block_1_108' title="bbox 2172 4457 3694 4523">
    <p class='ocr_par' dir='ltr' id='par_1_108' title="bbox 2172 4457 3694 4523">
     <span class='ocr_line' id='line_1_108' title="bbox 2172 4457 3694 4523; baseline 0.006 -18"><span class='ocrx_word' id='word_1_771' title='bbox 2172 4471 2281 4507; x_wconf 67' lang='lat' dir='ltr'><strong>nere</strong></span> <span class='ocrx_word' id='word_1_772' title='bbox 2309 4457 2540 4521; x_wconf 88' lang='lat' dir='ltr'><strong>ipsorum</strong></span> <span class='ocrx_word' id='word_1_773' title='bbox 2569 4457 2830 4508; x_wconf 73' lang='lat' dir='ltr'><strong>dthtliOtti</strong></span> <span class='ocrx_word' id='word_1_774' title='bbox 2853 4495 2866 4518; x_wconf 93' lang='lat'><strong>,</strong></span> <span class='ocrx_word' id='word_1_775' title='bbox 2895 4457 3104 4523; x_wconf 85' lang='lat' dir='ltr'><strong>dignum</strong></span> <span class='ocrx_word' id='word_1_776' title='bbox 3131 4460 3427 4513; x_wconf 85' lang='lat' dir='ltr'><strong>sacerdotio</strong></span> <span class='ocrx_word' id='word_1_777' title='bbox 3450 4461 3607 4515; x_wconf 81' lang='lat' dir='ltr'><strong>decus</strong></span> <span class='ocrx_word' id='word_1_778' title='bbox 3627 4474 3694 4514; x_wconf 80' lang='lat' dir='ltr'><strong>sa-</strong></span> 
     </span>
    </p>
   </div>
   <div class='ocr_carea' id='block_1_109' title="bbox 2171 4538 3697 4614">
    <p class='ocr_par' dir='ltr' id='par_1_109' title="bbox 2171 4538 3697 4614">
     <span class='ocr_line' id='line_1_109' title="bbox 2171 4538 3697 4614; baseline 0.006 -20"><span class='ocrx_word' id='word_1_779' title='bbox 2171 4544 2398 4612; x_wconf 74' lang='lat' dir='ltr'><strong>pientize,</strong></span> <span class='ocrx_word' id='word_1_780' title='bbox 2429 4545 2714 4610; x_wconf 65' lang='lat' dir='ltr'><strong>patientiaz,</strong></span> <span class='ocrx_word' id='word_1_781' title='bbox 2739 4546 3168 4610; x_wconf 89' lang='lat' dir='ltr'><strong>mansuetudinis,</strong></span> <span class='ocrx_word' id='word_1_782' title='bbox 3198 4538 3588 4614; x_wconf 64' lang='lat' dir='ltr'><strong>misericordia,</strong></span> <span class='ocrx_word' id='word_1_783' title='bbox 3608 4552 3697 4607; x_wconf 76' lang='lat' dir='ltr'><strong>zeli</strong></span> 
     </span>
    </p>
   </div>
   <div class='ocr_carea' id='block_1_110' title="bbox 2168 4633 3701 4704">
    <p class='ocr_par' dir='ltr' id='par_1_110' title="bbox 2168 4633 3701 4704">
     <span class='ocr_line' id='line_1_110' title="bbox 2168 4633 3701 4704; baseline 0.007 -18"><span class='ocrx_word' id='word_1_784' title='bbox 2168 4635 2475 4701; x_wconf 85' lang='lat' dir='ltr'><strong>spiritualis,</strong></span> <span class='ocrx_word' id='word_1_785' title='bbox 2509 4633 2837 4698; x_wconf 87' lang='lat' dir='ltr'><strong>humilitatis,</strong></span> <span class='ocrx_word' id='word_1_786' title='bbox 2881 4637 3081 4688; x_wconf 87' lang='lat' dir='ltr'><strong>timoris</strong></span> <span class='ocrx_word' id='word_1_787' title='bbox 3109 4637 3352 4704; x_wconf 86' lang='lat' dir='ltr'><strong>Domini,</strong></span> <span class='ocrx_word' id='word_1_788' title='bbox 3385 4654 3701 4697; x_wconf 52' lang='lat' dir='ltr'><strong>exterarum-</strong></span> 
     </span>
    </p>
   </div>
   <div class='ocr_carea' id='block_1_111' title="bbox 2171 4730 3699 4802">
    <p class='ocr_par' dir='ltr' id='par_1_111' title="bbox 2171 4730 3699 4802">
     <span class='ocr_line' id='line_1_111' title="bbox 2171 4730 3699 4802; baseline 0.002 -20"><span class='ocrx_word' id='word_1_789' title='bbox 2171 4745 2273 4798; x_wconf 90' lang='lat' dir='ltr'><strong>que</strong></span> <span class='ocrx_word' id='word_1_790' title='bbox 2303 4730 2594 4796; x_wconf 84' lang='lat' dir='ltr'><strong>bujusmodi</strong></span> <span class='ocrx_word' id='word_1_791' title='bbox 2636 4740 3058 4782; x_wconf 90' lang='lat' dir='ltr'><strong>ornamentorum</strong></span> <span class='ocrx_word' id='word_1_792' title='bbox 3095 4733 3446 4798; x_wconf 85' lang='lat' dir='ltr'><strong>superaddat;</strong></span> <span class='ocrx_word' id='word_1_793' title='bbox 3486 4736 3699 4802; x_wconf 84' lang='lat' dir='ltr'><strong>alioquin</strong></span> 
     </span>
    </p>
   </div>
   <div class='ocr_carea' id='block_1_112' title="bbox 2174 4822 3702 4895">
    <p class='ocr_par' dir='ltr' id='par_1_112' title="bbox 2174 4822 3702 4895">
     <span class='ocr_line' id='line_1_112' title="bbox 2174 4822 3702 4895; baseline 0.002 -21"><span class='ocrx_word' id='word_1_794' title='bbox 2174 4823 2458 4890; x_wconf 79' lang='lat' dir='ltr'><strong>iniquitatis</strong></span> <span class='ocrx_word' id='word_1_795' title='bbox 2501 4823 2572 4874; x_wconf 88' lang='lat' dir='ltr'><strong>rei</strong></span> <span class='ocrx_word' id='word_1_796' title='bbox 2615 4822 2923 4877; x_wconf 79' lang='lat' dir='ltr'><strong>moriuntur.</strong></span> <span class='ocrx_word' id='word_1_797' title='bbox 2968 4823 3187 4877; x_wconf 81' lang='lat' dir='ltr'><strong>Mortem</strong></span> <span class='ocrx_word' id='word_1_798' title='bbox 3227 4841 3453 4895; x_wconf 87' lang='lat' dir='ltr'><strong>namque</strong></span> <span class='ocrx_word' id='word_1_799' title='bbox 3487 4826 3702 4879; x_wconf 64' lang='lat' dir='ltr'><strong>cer—issi-</strong></span> 
     </span>
    </p>
   </div>
   <div class='ocr_carea' id='block_1_113' title="bbox 2175 4914 3701 4984">
    <p class='ocr_par' dir='ltr' id='par_1_113' title="bbox 2175 4914 3701 4984">
     <span class='ocr_line' id='line_1_113' title="bbox 2175 4914 3701 4984; baseline 0.003 -19"><span class='ocrx_word' id='word_1_800' title='bbox 2175 4929 2310 4966; x_wconf 86' lang='lat' dir='ltr'><strong>ntam</strong></span> <span class='ocrx_word' id='word_1_801' title='bbox 2335 4915 2549 4967; x_wconf 90' lang='lat' dir='ltr'><strong>incurrit</strong></span> <span class='ocrx_word' id='word_1_802' title='bbox 2573 4914 2783 4981; x_wconf 62' lang='lat' dir='ltr'><strong>animae,</strong></span> <span class='ocrx_word' id='word_1_803' title='bbox 2805 4917 2846 4968; x_wconf 83' lang='lat' dir='ltr'><strong>si</strong></span> <span class='ocrx_word' id='word_1_804' title='bbox 2876 4917 2992 4984; x_wconf 89' lang='lat' dir='ltr'><strong>quis</strong></span> <span class='ocrx_word' id='word_1_805' title='bbox 3022 4918 3288 4971; x_wconf 79' lang='lat' dir='ltr'><strong>luxuriose</strong></span> <span class='ocrx_word' id='word_1_806' title='bbox 3314 4920 3512 4981; x_wconf 83' lang='lat' dir='ltr'><strong>vivens,</strong></span> <span class='ocrx_word' id='word_1_807' title='bbox 3539 4933 3701 4972; x_wconf 77' lang='lat' dir='ltr'><strong>sacer-</strong></span> 
     </span>
    </p>
   </div>
   <div class='ocr_carea' id='block_1_114' title="bbox 2175 5009 3701 5076">
    <p class='ocr_par' dir='ltr' id='par_1_114' title="bbox 2175 5009 3701 5076">
     <span class='ocr_line' id='line_1_114' title="bbox 2175 5009 3701 5076; baseline 0 -14"><span class='ocrx_word' id='word_1_808' title='bbox 2175 5010 2402 5062; x_wconf 85' lang='lat' dir='ltr'><strong>dotalem</strong></span> <span class='ocrx_word' id='word_1_809' title='bbox 2435 5009 2529 5060; x_wconf 87' lang='lat' dir='ltr'><strong>sibi</strong></span> <span class='ocrx_word' id='word_1_810' title='bbox 2561 5023 2809 5073; x_wconf 80' lang='lat' dir='ltr'><strong>usurpare</strong></span> <span class='ocrx_word' id='word_1_811' title='bbox 2835 5009 3052 5076; x_wconf 85' lang='lat' dir='ltr'><strong>gradum</strong></span> <span class='ocrx_word' id='word_1_812' title='bbox 3084 5010 3373 5075; x_wconf 60' lang='lat' dir='ltr'><strong>praesumit.</strong></span> <span class='ocrx_word' id='word_1_813' title='bbox 3405 5010 3500 5076; x_wconf 87' lang='lat' dir='ltr'><strong>Qui</strong></span> <span class='ocrx_word' id='word_1_814' title='bbox 3529 5023 3701 5064; x_wconf 69' lang='lat' dir='ltr'><strong>suisea</strong></span> 
     </span>
    </p>
   </div>
   <div class='ocr_carea' id='block_1_115' title="bbox 2175 5099 3696 5168">
    <p class='ocr_par' dir='ltr' id='par_1_115' title="bbox 2175 5099 3696 5168">
     <span class='ocr_line' id='line_1_115' title="bbox 2175 5099 3696 5168; baseline 0.001 -16"><span class='ocrx_word' id='word_1_815' title='bbox 2175 5099 2612 5167; x_wconf 84' lang='lat' dir='ltr'><strong>subsequentibus</strong></span> <span class='ocrx_word' id='word_1_816' title='bbox 2665 5115 2869 5168; x_wconf 89' lang='lat' dir='ltr'><strong>quoque</strong></span> <span class='ocrx_word' id='word_1_817' title='bbox 2924 5101 3125 5154; x_wconf 89' lang='lat' dir='ltr'><strong>Domini</strong></span> <span class='ocrx_word' id='word_1_818' title='bbox 3173 5100 3350 5154; x_wconf 84' lang='lat' dir='ltr'><strong>verbs</strong></span> <span class='ocrx_word' id='word_1_819' title='bbox 3404 5101 3696 5163; x_wconf 72' lang='lat' dir='ltr'><strong>afﬁrmatur,</strong></span> 
     </span>
    </p>
   </div>
   <div class='ocr_carea' id='block_1_116' title="bbox 2176 5192 3023 5260">
    <p class='ocr_par' dir='ltr' id='par_1_116' title="bbox 2176 5192 3023 5260">
     <span class='ocr_line' id='line_1_116' title="bbox 2176 5192 3023 5260; baseline 0 -18"><span class='ocrx_word' id='word_1_820' title='bbox 2176 5193 2359 5260; x_wconf 91' lang='lat' dir='ltr'><strong>quibus</strong></span> <span class='ocrx_word' id='word_1_821' title='bbox 2387 5201 2500 5258; x_wconf 87' lang='lat' dir='ltr'><strong>post</strong></span> <span class='ocrx_word' id='word_1_822' title='bbox 2530 5207 2687 5258; x_wconf 86' lang='lat' dir='ltr'><strong>pauca</strong></span> <span class='ocrx_word' id='word_1_823' title='bbox 2720 5192 2978 5260; x_wconf 80' lang='lat' dir='ltr'><strong>subjungil</strong></span> <span class='ocrx_word' id='word_1_824' title='bbox 3011 5210 3023 5242; x_wconf 88' lang='lat'><strong><em>:</em></strong></span> 
     </span>
    </p>
   </div>
   <div class='ocr_carea' id='block_1_117' title="bbox 2247 5281 3700 5350">
    <p class='ocr_par' dir='ltr' id='par_1_117' title="bbox 2247 5281 3700 5350">
     <span class='ocr_line' id='line_1_117' title="bbox 2247 5281 3700 5350; baseline 0.001 -18"><span class='ocrx_word' id='word_1_825' title='bbox 2247 5282 2436 5347; x_wconf 77' lang='lat' dir='ltr'><strong>(Exod.</strong></span> <span class='ocrx_word' id='word_1_826' title='bbox 2467 5287 2636 5348; x_wconf 61' lang='grc' dir='ltr'>χιιι.)</span> <span class='ocrx_word' id='word_1_827' title='bbox 2665 5281 2885 5348; x_wconf 79' lang='lat' dir='ltr'><strong>Cumque</strong></span> <span class='ocrx_word' id='word_1_828' title='bbox 2912 5282 3086 5334; x_wconf 75' lang='lat' dir='ltr'><strong>laveris</strong></span> <span class='ocrx_word' id='word_1_829' title='bbox 3115 5291 3308 5346; x_wconf 77' lang='lat' dir='ltr'><strong>patrem</strong></span> <span class='ocrx_word' id='word_1_830' title='bbox 3327 5298 3441 5335; x_wconf 73' lang='lat' dir='ltr'><strong>cum</strong></span> <span class='ocrx_word' id='word_1_831' title='bbox 3465 5283 3585 5350; x_wconf 75' lang='lat' dir='ltr'><strong>ﬁliis</strong></span> <span class='ocrx_word' id='word_1_832' title='bbox 3609 5281 3700 5335; x_wconf 71' lang='lat' dir='ltr'><strong>alia</strong></span> 
     </span>
    </p>
   </div>
   <div class='ocr_carea' id='block_1_118' title="bbox 2175 5367 3695 5442">
    <p class='ocr_par' dir='ltr' id='par_1_118' title="bbox 2175 5367 3695 5442">
     <span class='ocr_line' id='line_1_118' title="bbox 2175 5367 3695 5442; baseline 0.005 -22"><span class='ocrx_word' id='word_1_833' title='bbox 2175 5387 2326 5437; x_wconf 88' lang='lat' dir='ltr'><strong>aqua,</strong></span> <span class='ocrx_word' id='word_1_834' title='bbox 2359 5380 2459 5422; x_wconf 90' lang='lat' dir='ltr'><strong>etc.</strong></span> <span class='ocrx_word' id='word_1_835' title='bbox 2505 5371 2629 5422; x_wconf 81' lang='lat' dir='ltr'><strong>Nam</strong></span> <span class='ocrx_word' id='word_1_836' title='bbox 2671 5387 2838 5439; x_wconf 88' lang='lat' dir='ltr'><strong>neque</strong></span> <span class='ocrx_word' id='word_1_837' title='bbox 2879 5373 2962 5426; x_wconf 89' lang='lat' dir='ltr'><strong>hic</strong></span> <span class='ocrx_word' id='word_1_838' title='bbox 2999 5367 3188 5442; x_wconf 83' lang='lat' dir='ltr'><strong>aliquid</strong></span> <span class='ocrx_word' id='word_1_839' title='bbox 3224 5374 3292 5427; x_wconf 87' lang='lat' dir='ltr'><strong>de</strong></span> <span class='ocrx_word' id='word_1_840' title='bbox 3327 5375 3695 5427; x_wconf 73' lang='lat' dir='ltr'><strong>feminalibus:</strong></span> 
     </span>
    </p>
   </div>
   <div class='ocr_carea' id='block_1_119' title="bbox 2179 5456 3695 5530">
    <p class='ocr_par' dir='ltr' id='par_1_119' title="bbox 2179 5456 3695 5530">
     <span class='ocr_line' id='line_1_119' title="bbox 2179 5456 3695 5530; baseline 0.003 -22"><span class='ocrx_word' id='word_1_841' title='bbox 2179 5458 2356 5524; x_wconf 77' lang='lat' dir='ltr'><strong>Moyse</strong></span> <span class='ocrx_word' id='word_1_842' title='bbox 2382 5456 2700 5524; x_wconf 80' lang='lat' dir='ltr'><strong>accipiendis</strong></span> <span class='ocrx_word' id='word_1_843' title='bbox 2731 5461 3026 5529; x_wconf 68' lang='lat' dir='ltr'><strong>praecipitur</strong></span> <span class='ocrx_word' id='word_1_844' title='bbox 3057 5481 3068 5514; x_wconf 92' lang='lat'><strong>:</strong></span> <span class='ocrx_word' id='word_1_845' title='bbox 3101 5463 3236 5517; x_wconf 87' lang='lat' dir='ltr'><strong>unde</strong></span> <span class='ocrx_word' id='word_1_846' title='bbox 3263 5462 3459 5530; x_wconf 73' lang='lat' dir='ltr'><strong>liquido</strong></span> <span class='ocrx_word' id='word_1_847' title='bbox 3485 5470 3695 5521; x_wconf 78' lang='lat' dir='ltr'><strong>constat.</strong></span> 
     </span>
    </p>
   </div>
   <div class='ocr_carea' id='block_1_120' title="bbox 2177 5547 3698 5620">
    <p class='ocr_par' dir='ltr' id='par_1_120' title="bbox 2177 5547 3698 5620">
     <span class='ocr_line' id='line_1_120' title="bbox 2177 5547 3698 5620; baseline 0.002 -21"><span class='ocrx_word' id='word_1_848' title='bbox 2177 5550 2312 5613; x_wconf 79' lang='lat' dir='ltr'><strong>quod</strong></span> <span class='ocrx_word' id='word_1_849' title='bbox 2349 5563 2404 5601; x_wconf 88' lang='lat' dir='ltr'><strong>se</strong></span> <span class='ocrx_word' id='word_1_850' title='bbox 2444 5547 2542 5602; x_wconf 89' lang='lat' dir='ltr'><strong>hoc</strong></span> <span class='ocrx_word' id='word_1_851' title='bbox 2577 5563 2768 5617; x_wconf 82' lang='lat' dir='ltr'><strong>genere</strong></span> <span class='ocrx_word' id='word_1_852' title='bbox 2795 5551 3089 5607; x_wconf 84' lang='lat' dir='ltr'><strong>vestimenti</strong></span> <span class='ocrx_word' id='word_1_853' title='bbox 3122 5550 3233 5620; x_wconf 74' lang='lat' dir='ltr'><strong>ipse</strong></span> <span class='ocrx_word' id='word_1_854' title='bbox 3271 5553 3415 5617; x_wconf 78' lang='lat' dir='ltr'><strong>prius</strong></span> <span class='ocrx_word' id='word_1_855' title='bbox 3454 5551 3624 5604; x_wconf 77' lang='lat' dir='ltr'><strong>Aaron</strong></span> <span class='ocrx_word' id='word_1_856' title='bbox 3645 5563 3698 5602; x_wconf 80' lang='lat' dir='ltr'><strong>ac</strong></span> 
     </span>
    </p>
   </div>
   <div class='ocr_carea' id='block_1_121' title="bbox 2178 5634 3687 5706">
    <p class='ocr_par' dir='ltr' id='par_1_121' title="bbox 2178 5634 3687 5706">
     <span class='ocr_line' id='line_1_121' title="bbox 2178 5634 3687 5706; baseline 0.005 -17"><span class='ocrx_word' id='word_1_857' title='bbox 2178 5636 2266 5690; x_wconf 84' lang='lat' dir='ltr'><strong>filii</strong></span> <span class='ocrx_word' id='word_1_858' title='bbox 2297 5637 2406 5704; x_wconf 85' lang='lat' dir='ltr'><strong>ejus</strong></span> <span class='ocrx_word' id='word_1_859' title='bbox 2437 5634 2740 5706; x_wconf 85' lang='lat' dir='ltr'><strong>induerant,</strong></span> <span class='ocrx_word' id='word_1_860' title='bbox 2775 5649 2823 5695; x_wconf 90' lang='lat' dir='ltr'><strong>et</strong></span> <span class='ocrx_word' id='word_1_861' title='bbox 2850 5642 2925 5697; x_wconf 89' lang='lat' dir='ltr'><strong>sic</strong></span> <span class='ocrx_word' id='word_1_862' title='bbox 2950 5643 3013 5695; x_wconf 87' lang='lat' dir='ltr'><strong>ad</strong></span> <span class='ocrx_word' id='word_1_863' title='bbox 3043 5655 3253 5695; x_wconf 84' lang='lat' dir='ltr'><strong>manum</strong></span> <span class='ocrx_word' id='word_1_864' title='bbox 3279 5638 3444 5704; x_wconf 76' lang='lat' dir='ltr'><strong>Moysi</strong></span> <span class='ocrx_word' id='word_1_865' title='bbox 3477 5638 3687 5701; x_wconf 77' lang='lat' dir='ltr'><strong>lavandi.</strong></span> 
     </span>
    </p>
   </div>
  </div>
