3898 6260
287 257 397 317 485

1110 254 1193 308 DE
1230 238 1731 308 TAliERNACUm
1771 251 1855 305 cr
1899 249 2090 327 usus
2136 250 2313 306 EJUS.
2361 280 2423 292 -
2467 252 2590 305 ua.
2638 251 2721 304 Ill.

3401 256 3498 314 ιεε

291 366 542 424 iudueudi
566 407 580 429 ,
611 363 838 434 tutgeudi
868 408 875 426 ,
910 375 955 416 et
990 366 1325 418 consecrandi
1359 366 1639 418 intrabant.
1676 362 1770 415 Ulli
1798 371 1852 414 et
1879 365 1928 419 Α
1959 362 2151 414 etenim
2196 360 2474 427 Apostolus
2500 361 2624 411 dicit
2646 401 2658 422 ,
2690 362 2739 412 in
2783 360 3016 411 interiore
3047 360 3247 413 homine
3277 362 3500 418 habitare

289 465 388 514 lioc
411 458 694 512 notandum
722 456 862 518 quud
887 465 1286 510 consecraturos
1304 469 1397 507 eos
1424 454 1649 522 Moyses,
1676 451 1844 519 primo

289 551 414 605 lavit
442 562 596 616 aqua,
625 554 679 599 et
713 543 786 598 sic
815 543 1048 597 babitum
1075 542 1179 596 illis
1205 542 1339 596 sacri
1369 544 1558 609 gradus
1587 539 1843 607 imponit;

284 640 408 709 quia
438 636 683 690 nimirum
719 647 936 688 necesse
959 640 1076 696 est,
1109 641 1164 685 ιιι
1192 631 1278 700 qui
1306 630 1371 682 ad
1409 629 1639 682 uiliciqu
1670 630 1847 681 altaris

286 727 680 798 promoveudu's
707 734 787 778 est
807 765 820 787 ,
851 723 1137 791 majoribus
1164 736 1222 776 se
1257 721 1411 774 solito
1441 720 1651 773 liuentis
1689 719 1848 784 lat-ry-

288 834 496 874 marum
557 817 672 870 sive
734 813 1154 881 eompunctionis
1219 821 1452 878 tempore
1506 808 1848 862 dedicationis

287 910 503 971 abluat,
535 915 592 958 ut
630 919 733 972 quo
774 903 1018 956 mundior
1043 901 1105 954 ad
1133 900 1352 968 gradum
1380 897 1736 966 accipiendum
1768 911 1853 949 ac-

287 1001 545 1062 cesserit,
578 1012 642 1052 eo
669 996 946 1065 perfectius
971 1004 1244 1060 acceptum
1273 1000 1620 1045 consummet.
1667 992 1850 1043 l'osset

289 1095 465 1140 autem
495 1085 546 1138 in
584 1085 682 1138 hoc
712 1086 919 1138 lavacro
959 1083 1214 1149 baptisma
1252 1081 1386 1133 sacri
1418 1080 1575 1132 fontis
1607 1079 1848 1146 intelligi,

289 1177 336 1229 si
376 1189 476 1244 qua
517 1185 657 1228 esset
695 1174 1066 1241 Consequentia
1100 1190 1110 1224 :
1145 1182 1196 1225 ut
1243 1171 1358 1236 quis
1403 1171 1452 1222 in
1498 1168 1851 1222 sacerdouum

288 1266 527 1330 electus,
561 1277 683 1318 tunc
721 1266 944 1334 primum
981 1279 1112 1330 aqua
1145 1260 1472 1331 baptismatis
1502 1261 1554 1313 in
1586 1260 1853 1314 remissio-

288 1371 414 1411 nem
456 1366 791 1423 peceatorum
831 1353 1154 1420 ablueretur,
1198 1362 1252 1406 et
1291 1368 1393 1405 non
1441 1352 1621 1404 talium
1651 1350 1856 1403 ordina-

295 1449 426 1502 tiuni
456 1447 845 1502 contradiceret
886 1445 1193 1513 Apostolus,
1224 1444 1406 1498 dicens
1439 1459 1451 1494 :
1497 1440 1614 1494 Non
1641 1440 1856 1508 neophy-

293 1551 405 1594 tum
454 1541 692 1604 ordines,
745 1555 808 1592 ne
852 1554 904 1591 tn
949 1539 1231 1607 superbiam
1277 1537 1457 1599 elatus,
1506 1533 1855 1602 in‘judiciuin

293 1631 484 1684 incidat
524 1629 762 1682 diaboli:
801 1629 1013 1682 indutus
1043 1642 1169 1680 vero
1210 1627 1378 1679 sacris
1415 1623 1648 1678 vestibus
1689 1622 1857 1685 ponti-

1950 449 2199 502 Christum
2225 466 2312 519 per
2335 451 2485 515 ﬁdem
2512 452 2562 501 in
2587 449 2819 500 cordibus
2848 451 3029 501 nostris
3064 449 3276 518 (Ephes.
3301 455 3398 518 III).
3434 453 3498 506 Et

1950 541 2068 594 ideo
2115 541 2264 594 nobis
2307 541 2575 609 Scriptura
2615 539 2912 607 poutilicem
2941 538 3144 593 Veteris
3169 538 3498 599 Testsineuti

1948 629 2024 683 sic
2052 631 2295 682 vestitum
2319 629 2568 695 ostendit,
2587 638 2641 681 ut
2663 631 2791 682 sciat
2815 639 2869 683 et
2893 629 3058 682 nostri
3087 631 3334 695 temporis
3366 648 3498 697 pou-

1951 719 2073 772 tirex
2099 735 2192 787 pro
2225 729 2337 772 toto
2366 735 2424 774 se
2450 734 2643 786 genere
2676 720 2919 782 humano,
2955 719 3179 774 maxime
3199 729 3371 773 autem
3401 736 3498 786 pro

1953 809 2034 859 his
2054 811 2141 875 qui
2172 817 2530 876 cognoverunt
2553 807 2852 869 veritatem,
2875 809 3189 874 signumque
3209 807 3326 860 lldei
3357 808 3501 862 illius

1951 899 2003 951 in
2038 900 2208 952 lronte
2239 907 2485 966 portant,
2519 897 2846 950 intercedere
2874 881 3101 960 debere,
3133 897 3384 965 Apostolo
3407 899 3501 952 ad-

1954 1000 2198 1041 monente
2229 1003 2288 1040 ac
2315 987 2521 1040 dicente
2547 1003 2558 1037 :
2595 986 2811 1038 Obsecro
2846 986 3006 1054 igitur
3031 987 3249 1054 primum
3279 985 3500 1038 omnium

1951 1079 2063 1147 ﬁeri
2090 1080 2466 1140 obsrcrationes,
2490 1077 2767 1140 orationes,
2803 1078 3189 1144 postulationes,
3226 1079 3504 1150 gratiarum

1952 1157 2170 1223 actiones
2200 1187 2289 1238 pro
2309 1170 2538 1221 omnibus
2561 1170 2868 1233 hominibus,
2893 1186 2982 1239 pro
3007 1169 3205 1238 regibus
3225 1210 3237 1233 ,
3264 1179 3312 1222 et
3339 1171 3505 1222 omni-

1954 1261 2040 1313 bus
2068 1262 2154 1328 qui
2175 1262 2224 1312 in
2248 1261 2550 1312 sublimitate
2576 1268 2692 1311 sunt
2720 1258 2769 1328 (ι
2795 1259 2923 1314 Tim.
2949 1261 3030 1328 It).
3054 1260 3200 1326 Quod
3226 1263 3268 1313 si
3293 1261 3343 1312 itt
3374 1275 3506 1328 pun-

1957 1355 2112 1415 tilice,
2137 1367 2290 1418 quem
2317 1364 2592 1404 consecrat
2617 1352 2843 1421 Moyses,
2872 1352 3148 1405 Dominum
3170 1351 3500 1407 Salvatorem

1957 1442 2314 1511 intelligimus,
2346 1457 2461 1508 jure
2483 1443 2534 1495 in
2560 1442 2737 1496 habitu
2767 1457 2863 1496 suo
2889 1445 3046 1495 totius
3077 1441 3253 1495 mundi
3279 1429 3497 1510 ligurum

1955 1533 2128 1596 simul,
2159 1543 2210 1585 et
2240 1533 2466 1586 hominis
2492 1534 2664 1586 habet.
2693 1530 2815 1603 Ipse
2834 1543 2904 1585 est
2927 1533 3086 1597 enim,
3126 1543 3183 1585 ttt
3220 1532 3507 1599 Apostolus

1958 1625 2307 1692 ait,splendor
2327 1625 2522 1694 gloriae,
2560 1635 2604 1678 et
2645 1625 2810 1696 ﬁgura
2850 1625 3138 1676 substantia!
3176 1623 3269 1675 Dei
3313 1623 3334 1674 Ι
3356 1624 3505 1686 atris,

293 1720 380 1774 lett
401 1759 416 1783 ,
447 1734 565 1772 mox
595 1720 712 1773 oleo
736 1717 998 1772 unctionis
1034 1714 1384 1783 perfunditur,
1413 1721 1473 1765 ιιι
1510 1727 1603 1778 per
1630 1714 1849 1780 gratiam
1891 1691 1926 1744 Β
1957 1691 2256 1778 portamque
2281 1691 2446 1766 omnia
2473 1714 2616 1768 verbo
2646 1691 2839 1767 uirtutis
2860 1730 2985 1768 sum.
3019 1715 3136 1778 Ipse
3167 1715 3337 1782 Agnus
3377 1715 3471 1768 Dei
3490 1755 3506 1777 ,

295 1812 528 1878 Spiritus
550 1809 718 1865 sancti
745 1805 1074 1862 consecratio
1117 1806 1444 1874 perﬁciatur;
1488 1817 1593 1856 non
1623 1801 1762 1870 quod
1793 1816 1852 1854 ea

295 1914 418 1965 quin
451 1899 721 1964 praemissa
748 1906 877 1948 sunt
901 1897 1202 1948 indumenta
1230 1897 1479 1946 virtutum
1510 1895 1708 1960 absque
1745 1907 1858 1961 gru-

299 1989 371 2040 tia
404 1987 494 2040 Dei
527 1987 786 2054 possimus
817 1985 1034 2050 habere,
1060 1985 1152 2038 sed
1182 1986 1300 2054 quia
1333 1985 1501 2052 majus
1528 1997 1747 2038 necesse
1775 1992 1858 2036 est

299 2077 553 2131 auxilium
579 2080 758 2148 gratiae
787 2076 1044 2130 tribuatur
1069 2095 1096 2129 a
1117 2074 1363 2143 Domino,
1398 2076 1484 2128 ubi
1510 2076 1625 2144 quis
1650 2075 1732 2127 vel
1757 2089 1858 2127 ina-

295 2168 473 2237 jurem
515 2167 878 2223 conscenderit
916 2167 1157 2234 gradum,
1191 2167 1270 2220 vel
1315 2166 1660 2234 plurimorum
1702 2163 1858 2217 fuerit

298 2257 540 2328 regimini
585 2258 850 2325 praelatus.
894 2256 1188 2310 Notandum
1237 2255 1434 2309 interea
1466 2255 1603 2323 quod
1642 2269 1758 2307 cum
1805 2254 1856 2307 in

301 2348 405 2402 huc
433 2348 570 2402 libro
602 2348 789 2412 Exodi,
821 2349 996 2401 Aaron
1035 2355 1156 2401 octo
1187 2346 1419 2399 vestibus
1449 2345 1742 2398 induendas
1769 2359 1857 2398 as-

297 2448 528 2501 saratur,
556 2439 761 2491 videtur
799 2440 851 2490 in
893 2435 1123 2490 Levitico
1162 2436 1336 2489 addita
1374 2450 1423 2489 et
1469 2450 1625 2497 nona,
1656 2433 1860 2486 balteus

296 2527 580 2592 videlicet,
621 2541 724 2596 quo
764 2527 899 2579 linea
927 2525 1082 2579 fuerit
1113 2525 1285 2578 tunica
1311 2535 1433 2576 ante
1474 2524 1707 2577 indutam
1743 2523 1860 2591 hya-

298 2617 588 2674 ciutliinam
619 2617 919 2684 prrecineta.
947 2615 1035 2668 Sic
1063 2617 1258 2668 etenim
1286 2616 1537 2681 scriptum
1565 2625 1646 2668 est
1676 2633 1687 2666 :
1720 2614 1861 2667 Cuni-

297 2723 398 2779 que
424 2708 618 2761 lavisset
647 2721 749 2774 eos,
780 2706 969 2762 vestivit
1012 2706 1294 2773 pontiﬁcem
1322 2705 1567 2757 subucula
1606 2705 1769 2767 linea,
1803 2719 1860 2759 ac

298 2801 502 2866 cingens
547 2812 662 2848 eum
691 2798 872 2861 balteo,
916 2804 961 2849 et
989 2796 1201 2850 induens
1228 2797 1398 2848 tunica
1428 2796 1786 2865 hyacinthina;
1817 2805 1861 2848 et

298 2892 517 2957 desuper
541 2888 798 2942 numerals
823 2889 1084 2957 imposuit,
1115 2890 1250 2954 quod
1275 2890 1523 2957 stringens
1547 2889 1750 2957 cingulo
1781 2905 1865 2956 ap-

301 2977 425 3029 tavit
453 2979 686 3032 rationali
723 2976 908 3048 (Levit.
939 2979 1072 3046 vui).
1104 2978 1206 3033 Sed
1237 2978 1501 3048 quomodo
1532 2979 1630 3031 hoc
1668 2977 1858 3031 factum

301 3066 493 3133 fuerit,
528 3079 664 3137 patet
696 3069 969 3124 manifeste
997 3084 1061 3123 ex
1103 3070 1178 3123 eis
1225 3084 1341 3140 qua:
1385 3068 1660 3137 explanata
1713 3078 1854 3132 sunt,

305 3159 476 3230 ﬁgura
503 3166 722 3216 vestitus
747 3163 1133 3216 intellectualis.

921 3276 1144 3332 CAPUT
1182 3276 1246 3330 Χ.

301 3367 386 3423 De
408 3377 622 3438 quatuor
643 3367 848 3421 vestium
872 3369 1259 3421 sacerdotalium
1284 3367 1554 3430 coloribus,
1581 3379 1627 3418 et
1647 3377 1862 3434 quatuor

537 3439 813 3505 elementis,
844 3449 888 3489 et
912 3439 1280 3490 consecratione
1310 3440 1649 3488 sacerdotum.

372 3529 566 3583 Verum
597 3527 717 3595 quia
746 3527 812 3580 de
845 3527 1018 3579 habitu
1048 3525 1378 3586 sacerdatoli,
1411 3536 1693 3592 sequentes
1717 3525 1858 3580 dicta

299 3629 533 3689 patrum,
565 3619 796 3671 breviter
824 3619 918 3670 ista
943 3615 1362 3683 perstrinximus,
1392 3615 1676 3668 notandum
1703 3626 1857 3684 puta-

301 3710 478 3762 vimus
505 3722 568 3760 ει
599 3707 696 3759 hoc
721 3705 858 3772 quod
901 3715 1125 3772 quatuor
1172 3703 1244 3755 illi
1280 3702 1487 3756 colores
1534 3705 1757 3770 eximii,
1793 3704 1860 3758 de

300 3797 493 3866 quibus
523 3793 686 3848 iactus
710 3804 821 3859 est,
855 3784 1069 3847 totidem
1101 3792 1280 3846 mundi
1311 3793 1590 3846 elementis
1623 3807 1856 3860 congrua

300 3884 694 3951 comparatione
738 3892 1002 3952 aptantur.
1053 3883 1245 3953 Byssus
1294 3882 1406 3936 sive
1455 3883 1619 3936 limim
1673 3893 1860 3948 terra},

302 3975 445 4043 quod
471 3989 536 4028 ex
565 3989 627 4028 ea
656 3984 971 4037 nascuntur;
1002 3989 1233 4044 purpura
1263 3976 1433 4042 aquis,
1475 3972 1611 4040 quod
1641 3987 1705 4025 ex
1735 3988 1862 4023 mu-

302 4066 438 4123 rinis
457 4067 746 4135 conchyliis
777 4067 1024 4134 tingitur;
1058 4065 1426 4134 hyacinthinus
1453 4073 1507 4116 et
1529 4077 1719 4116 coccus
1749 4063 1857 4113 aeri

281 4148 362 4211 ‘ct
410 4158 514 4223 igui
558 4156 626 4208 ob
663 4155 857 4208 coloris
900 4154 1317 4206 similitudinem.
1349 4150 1658 4217 Coccusque
1706 4150 1861 4201 fuerit

302 4248 388 4302 bis
418 4247 629 4308 tinctus,
660 4259 723 4296 eo
751 4244 889 4310 quod
930 4243 1063 4311 ignis
1093 4244 1299 4310 gemina
1332 4242 1401 4294 sit
1429 4243 1622 4294 virtute
1666 4241 1861 4308 pratdi-

1954 1807 2039 1872 qui
2074 1806 2202 1856 tollit
2232 1815 2436 1872 peccata
2466 1808 2642 1858 mundi
2669 1823 2687 1859 :
2719 1806 2823 1874 ipse
2852 1805 3089 1857 sacerdos
3135 1805 3186 1856 in
3234 1815 3508 1868 internum,

1956 1896 2092 1946 omni
2119 1896 2397 1947 sanctitatis
2425 1905 2604 1947 ornatu
2630 1894 2908 1960 praeclarus
2926 1935 2940 1956 ,
2979 1909 3078 1944 non
3102 1908 3246 1959 quem
3277 1901 3428 1945 natus
3456 1896 3510 1946 in

1956 2003 2106 2041 carne
2135 2004 2220 2054 per
2246 1989 2537 2041 exercitium
2559 1987 2743 2038 laboris
2766 1987 2994 2050 accipere
3020 1986 3221 2054 meruit,
3245 1986 3334 2038 sed
3359 2000 3505 2053 quem

1956 2081 2008 2131 in
2040 2089 2178 2130 utero
2205 2077 2428 2147 Virginis
2455 2079 2763 2138 incarnatus,
2800 2076 3110 2140 perveniente
3137 2075 3303 2143 gratia
3340 2075 3512 2141 Spiri-

1958 2179 2035 2221 tus
2056 2170 2237 2229 sancti,
2270 2179 2427 2222 totum
2449 2170 2598 2220 simul
2619 2167 2808 2234 accepit
2836 2165 3023 2231 (Hebr.
3058 2168 3119 2230 I).
3147 2164 3311 2232 Cujus
3335 2181 3512 2219 sacer-

1956 2260 2082 2312 dotii
2119 2259 2593 2327 interpellationem
2637 2273 2732 2326 pro
2775 2258 2931 2311 nobis
2983 2258 3334 2326 pulcherrime
3365 2270 3512 2309 COIII-

1957 2351 2210 2404 mendans
2233 2351 2515 2416 Apostolus
2539 2353 2610 2404 ait
2636 2368 2648 2402 :
2678 2349 2774 2403 Hic
2798 2361 2966 2402 autem
2987 2365 3044 2402 eo
3063 2349 3204 2418 quod
3234 2357 3432 2398 maneat
3461 2351 3512 2399 in

1957 2451 2214 2505 retentum,
2241 2438 2595 2510 sempiernum
2619 2441 2763 2493 liabet
2785 2440 3118 2494 sacerdotium
3142 2453 3160 2490 :
3185 2438 3314 2490 unde
3339 2447 3387 2490 et
3406 2438 3512 2490 sul-

1957 2549 2074 2586 rare
2096 2534 2146 2585 in
2175 2543 2467 2601 perpetuum
2509 2541 2692 2601 potest,
2717 2532 2955 2584 accedens
2981 2547 3068 2600 per
3100 2531 3422 2596 semetipsum
3446 2531 3512 2582 ad

1963 2620 2142 2684 Deum,
2167 2638 2361 2687 semper
2386 2625 2568 2684 vivens,
2586 2623 2651 2672 ad
2678 2620 3097 2687 interpellandum
3121 2636 3212 2689 pro
3235 2622 3304 2673 eis
3329 2620 3513 2689 (Ilebr.

1959 2708 2073 2779 vu).
2097 2710 2257 2777 Cujus
2287 2712 2442 2763 etiam
2477 2725 2625 2778 atque
2648 2710 2953 2763 indumenta
2982 2720 3035 2764 et
3061 2720 3369 2763 ornamenta
3402 2709 3508 2762 vir-

1961 2808 2125 2850 tutum
2153 2799 2526 2852 commendans
2556 2798 2794 2861 adjuusit
2821 2816 2832 2850 :
2859 2798 3002 2852 Talis
3030 2801 3162 2852 enim
3192 2799 3429 2862 decebat,
3458 2808 3513 2850 ut

1961 2893 2084 2940 esset
2113 2888 2252 2940 nobis
2273 2887 2516 2955 pontifex,
2549 2897 2774 2952 sanctus,
2804 2889 3059 2951 innocens,
3091 2887 3402 2956 impollutus,
3435 2902 3513 2940 se-

1964 2991 2191 3049 gregatus
2210 2997 2238 3030 a
2260 2980 2493 3049 peccatis,
2524 2988 2568 3031 et
2597 2981 2842 3033 excelsior
2885 2981 3020 3032 caelis
3059 2981 3238 3042 fartus.
3265 2978 3362 3044 Qui
3391 2993 3515 3032 vero

1968 3070 2148 3122 habuit
2176 3071 2421 3122 laminam
2454 3070 2504 3122 in
2533 3069 2706 3135 capite
2736 3084 2832 3122 suo
2878 3084 3088 3123 auream
3117 3111 3130 3135 ,
3164 3071 3214 3122 in
3241 3084 3342 3138 qua
3372 3077 3512 3122 esset

1965 3171 2198 3213 sanctum
2245 3159 2444 3212 Domini
2492 3159 2786 3222 scalptum;
2831 3161 2950 3225 quia
3008 3159 3151 3210 venit
3196 3160 3245 3210 in
3296 3159 3512 3214 nomine

1969 3252 2152 3314 Patris,
2177 3251 2356 3303 dii-ens
2381 3265 2394 3300 :
2427 3248 2534 3316 Ego
2562 3250 2612 3298 in
2639 3247 2816 3307 Patre,
2849 3257 2893 3298 et
2933 3245 3089 3298 Pater
3115 3249 3164 3298 in
3206 3264 3282 3299 me
3311 3259 3414 3310 est;
3436 3257 3514 3313 et,

1968 3344 2067 3405 Qui
2091 3345 2218 3393 videt
2249 3357 2340 3401 me.
2373 3340 2500 3390 videt
2539 3346 2584 3389 et
2634 3335 2834 3388 Patrem
2876 3335 3048 3405 (Joan.
3085 3337 3215 3406 stv).
3257 3338 3514 3395 Hactenus

1965 3433 2136 3482 Aaron
2167 3439 2218 3481 et
2257 3430 2482 3480 ﬁliorum
2523 3427 2637 3495 ejus
2668 3427 2877 3480 habitus
2906 3428 3078 3494 qualis
3125 3444 3245 3484 esse
3291 3431 3512 3495 debeat,

1964 3521 2164 3574 (ηειδειὶ
2210 3521 2516 3588 designatur
2566 3520 2803 3573 oraculo.
2860 3519 3110 3589 Sequitur
3161 3531 3333 3575 autetn
3389 3523 3512 3576 hinc

1965 3610 2122 3663 etiam
2174 3611 2362 3661 modus
2409 3609 2858 3674 consecrationis,
2905 3625 3007 3677 quo
3058 3610 3139 3663 vel
3195 3611 3376 3676 ipsos,
3430 3611 3513 3665 vel

1967 3701 2357 3753 tabernaculum
2415 3716 2533 3754 cum
2583 3701 2722 3754 omni
2774 3701 3083 3769 supellectili
3142 3715 3236 3754 sua
3283 3702 3517 3758 dedicari

1966 3801 2229 3860 Oporteat.

2039 3884 2232 3936 Ublatis
2255 3884 2476 3936 videlicet
2511 3883 2724 3936 Domino
2759 3883 2935 3944 ritula,
2974 3893 3080 3935 etc.
3115 3882 3242 3949 Qua:
3267 3884 3512 3937 nimirum

1963 3983 2166 4034 cuneta,
2194 3972 2309 4024 sive
2333 3989 2549 4039 operum
2573 3974 2910 4027 devotionem
2943 3973 3201 4027 benorum
3224 4015 3238 4037 ,
3278 3988 3338 4025 ac
3365 3988 3514 4025 mun-

1962 4061 2140 4113 ditiam
2174 4062 2313 4127 ﬁdei,
2348 4064 2457 4116 sive
2486 4067 2706 4131 gratiam
2735 4064 2926 4118 divina:
2966 4063 3365 4123 illustrationis.
3398 4060 3509 4116 sola

1963 4149 2260 4202 consecrari
2311 4164 2401 4217 per
2462 4152 2803 4213 sacerdotes,
2859 4155 3077 4220 ligurate
3130 4151 3513 4205 demonstrant.

1962 4239 2091 4307 Quis
2121 4243 2316 4294 etenim
2358 4242 2589 4307 neseiat,
2639 4243 3052 4296 immolationem
3099 4258 3159 4295 ac
3203 4241 3508 4309 sanguinqu

303 4349 413 4402 tus,
447 4334 650 4390 Iuceudi
683 4334 924 4387 videlicet
970 4343 1022 4386 et
1067 4330 1396 4385 incendendi.
1443 4330 1707 4398 Aiuntque
1747 4331 1851 4385 lie-
1888 4346 1934 4408 ρ
1967 4329 2174 4383 illurum
2215 4334 2553 4398 animalium,
2608 4343 2828 4386 mortem
2875 4331 3339 4400 aspersionemque
3375 4331 3514 4385 desi-

303 4427 455 4489 brzei,
487 4425 608 4491 quia
637 4423 754 4476 ideo
783 4421 1016 4492 pontifex
1055 4421 1286 4474 omnium
1318 4421 1533 4488 liguram
1565 4424 1854 4473 elemento-

304 4531 425 4571 rum
456 4516 506 4567 ιιι
537 4527 633 4566 suo
663 4514 840 4565 habitu
888 4513 1203 4582 gestaverit,
1249 4507 1366 4581 quia
1413 4527 1515 4565 non
1563 4514 1730 4565 solum
1764 4527 1860 4580 pro

305 4606 490 4670 Israel,
523 4606 611 4658 sed
639 4620 733 4674 pro
758 4606 900 4658 omni
929 4604 1124 4658 mundo
1150 4605 1428 4658 immolans
1458 4619 1643 4672 rogare
1671 4605 1860 4656 debue-

304 4698 399 4754 rit.
429 4697 628 4763 Quibus
653 4713 748 4752 nos
779 4713 880 4750 non
911 4697 1196 4765 incongrue
1226 4697 1355 4750 forte
1379 4697 1572 4749 addere
1599 4696 1854 4756 valemus,

305 4790 532 4860 quodin
574 4804 888 4859 unoquoque
933 4790 1202 4844 hominum
1252 4790 1411 4858 ﬁgura
1461 4789 1696 4840 omnium
1742 4788 1859 4839 eie-

306 4890 607 4936 mentorum
634 4883 965 4934 continetur:
992 4882 1124 4950 ignis
1147 4882 1196 4934 in
1223 4881 1416 4941 calore,
1440 4878 1573 4930 aeris
1596 4876 1646 4929 iu
1673 4877 1860 4942 halitu,

311 4983 565 5034 aquarum
591 4970 640 5021 in
673 4973 893 5024 humore
916 5008 932 5035 ,
965 4981 1117 5024 terra:
1147 4971 1196 5023 in
1228 4970 1338 5036 ipsa
1378 4967 1645 5020 soliditate
1685 4981 1863 5019 mem-

315 5063 550 5115 brorum.
587 5059 734 5112 Uude
753 5070 805 5114 et
833 5075 860 5112 a
894 5061 1209 5129 pliysiolegis
1253 5059 1433 5112 Graece
1477 5057 1634 5111 homo
1671 5059 1865 5111 micro-

314 5162 527 5204 cosmos
550 5186 564 5211 ,
595 5147 642 5199 id
671 5158 784 5212 est,
825 5150 994 5201 minor
1025 5149 1249 5200 mundus
1287 5156 1518 5200 vocatur.
1551 5145 1696 5210 Quod
1738 5156 1790 5200 et
1817 5148 1860 5200 si

312 5254 502 5293 aurum
527 5235 646 5305 quid
669 5236 718 5288 in
744 5235 926 5290 eodem
952 5238 1288 5305 liabitujuxta
1313 5237 1703 5305 intelligentiam
1728 5236 1862 5291 lianc

313 5328 605 5396 signiﬁcet.
639 5327 859 5393 quarris,
890 5328 1252 5381 rationabilem
1285 5330 1334 5380 in
1367 5344 1429 5382 eo
1462 5327 1723 5381 interioris
1765 5329 1861 5381 lto-

315 5420 476 5473 minis
506 5419 745 5471 virtutem
777 5417 1024 5485 intellige.
1054 5419 1201 5474 Unde
1234 5429 1284 5473 et
1314 5421 1362 5472 in
1396 5434 1456 5472 eo
1494 5421 1701 5486 proprie
1737 5434 1864 5471 sau-

317 5526 465 5568 ctum
498 5511 696 5565 Domini
722 5509 971 5576 scriptum
1001 5522 1078 5564 est
1115 5528 1125 5561 :
1169 5512 1286 5579 quia
1329 5527 1430 5564 non
1465 5512 1560 5564 nisi
1604 5526 1693 5578 per
1736 5509 1867 5562 lianc

326 5610 544 5677 quisque
565 5606 628 5660 ad
659 5604 1004 5676 cognitionem
1028 5608 1106 5660 sui
1131 5607 1424 5660 Conditoris
1448 5605 1704 5660 ascendit.
1736 5604 1866 5660 llinc

1962 4421 2123 4491 gnare
2152 4422 2418 4490 sanguinis
2445 4423 2646 4476 Domini
2673 4421 2857 4484 nostri,
2892 4436 2981 4485 per
3008 4437 3162 4490 quam
3193 4433 3245 4475 et
3267 4439 3294 4473 a
3328 4435 3509 4490 pecca-

1965 4515 2029 4566 tis
2057 4514 2388 4575 absolvendi,
2430 4523 2484 4565 et
2527 4512 2578 4565 iu
2625 4512 2776 4565 bonis
2811 4513 3060 4580 operibus
3108 4528 3290 4566 sumus
3320 4513 3510 4566 contir-

1963 4603 2172 4656 mandi?
2194 4603 2357 4656 Panes
2381 4616 2593 4670 quoque
2620 4602 2792 4671 azymi
2816 4603 2940 4670 quid
2970 4604 3200 4672 mysterii
3224 4601 3514 4655 Salvaturis

1942 4691 2283 4778 'contineant,
2309 4691 2461 4743 docet
2493 4692 2778 4758 Apostolus
2809 4693 2989 4746 dicens
3014 4711 3028 4744 :
3057 4691 3235 4762 Itaque
3255 4694 3514 4762 epulamur

1961 4802 2060 4838 non
2083 4786 2134 4838 in
2162 4790 2404 4854 fermento
2426 4787 2597 4845 veteri,
2623 4803 2778 4855 neque
2801 4788 2850 4838 in
2872 4788 3115 4851 fermento
3132 4787 3335 4838 malitia:
3362 4794 3408 4836 et
3429 4800 3514 4835 ne-

1963 4879 2146 4946 quitiw,
2177 4877 2262 4929 sed
2285 4878 2332 4929 in
2355 4877 2544 4945 azymis
2565 4878 2869 4930 sinceritatis
2890 4888 2936 4929 et
2957 4878 3080 4928 verit
3099 4877 3196 4928 otis.
3221 4875 3508 4940 Conspersa

1963 4978 2084 5022 Sunt
2106 4979 2302 5030 autem,
2335 4967 2444 5020 sive
2475 4968 2560 5019 lita
2593 4967 2712 5020 oleo
2739 4969 2971 5020 crustula
3007 4976 3061 5019 et
3085 4970 3294 5033 lagaua;
3330 4973 3384 5015 ut
3415 4962 3510 5014 ad-

1965 5074 2322 5122 monerentur,
2369 5073 2528 5125 opera
2578 5057 2770 5110 habere
2823 5072 2925 5110 non
2970 5058 3139 5110 solum
3183 5069 3211 5105 τι
3256 5053 3514 5106 l‘ermcnto

1967 5151 2178 5203 malitiae
2207 5157 2260 5202 et
2289 5148 2536 5216 nequitia:
2564 5148 2833 5213 castigata,
2856 5147 2946 5198 sed
2972 5155 3024 5197 et
3047 5144 3363 5213 pinguedine
3387 5146 3512 5196 ctia-

1967 5240 2134 5307 ritatis
2163 5238 2351 5290 divinis
2394 5238 2548 5305 digna
2577 5234 2963 5300 conspectibus.
3009 5233 3099 5287 Vel
3129 5246 3274 5288 certe
3311 5243 3510 5286 crustu-

1968 5329 2067 5381 lam
2115 5329 2232 5380 Olco
2283 5339 2615 5392 consperssm
2668 5323 2731 5375 ad
2781 5326 3231 5377 consecrationem
3283 5335 3513 5376 nostram

1971 5420 2187 5472 Domino
2215 5417 2502 5478 offerimus,
2533 5430 2650 5467 cum
2684 5415 2922 5467 universa
2969 5429 3086 5481 qua:
3133 5411 3351 5464 facimus
3375 5452 3389 5475 ,
3424 5428 3515 5479 per

1969 5515 2224 5566 internata
2250 5508 2415 5564 sancti
2447 5505 2670 5574 Spiritus
2698 5503 2917 5572 gratiam
2947 5504 2996 5556 in
3024 5499 3200 5552 cordis
3232 5501 3394 5554 nostri
3422 5502 3517 5555 deo

1967 5608 2177 5662 votionc
2209 5607 2568 5674 pinguescunt.
2593 5600 2796 5667 Lagana
2823 5597 2940 5650 oleo
2968 5595 3056 5648 lita
3082 5593 3369 5656 oll'erimus,
3393 5607 3514 5646 cum
