3898 6260
488 369 594 430 -ιεῖ

993 375 1192 433 DEDIT
1234 375 1673 432 VENERABILIS
1708 376 1980 433 OPERUM
2023 376 2194 433 PARS
2231 377 2296 434 Il.
2334 382 2400 420 ’—
2440 379 2822 437 EKEGETICA
2861 379 3172 438 GENUINA.

3574 380 3681 435 4η

495 488 648 539 etiam
678 484 803 538 l'oris
830 485 1126 538 hominibus
1151 485 1437 553 spiritu-ilia
1480 500 1597 540 esse
1632 502 1749 555 qua-
1786 487 2020 556 agimus,
2053 490 2102 548 Α
2129 490 2372 554 piendum
2395 492 2566 560 ignem
2591 487 2905 556 dilectionis,
2923 506 2985 547 et
3003 496 3264 549 θίγωσι
3288 502 3399 549 Deo
3421 504 3685 551 virtutum

496 575 846 626 indubitanter
870 573 922 626 in
949 573 1246 640 exemplum
1272 574 1490 627 vivendi
1530 575 1880 628 ostendimus.
1905 576 2033 640 Qui-

497 667 593 720 bus
620 665 864 719 nimirum
889 663 1242 718 oblationibus
1263 666 1588 718 consecratio
1613 676 1790 719 nostra
1819 665 2026 733 perﬁci-

495 763 602 820 tur,
631 753 754 807 dum
779 768 871 820 per
897 767 1057 821 opera
1087 753 1221 807 bona
1249 759 1303 805 et
1327 754 1668 821 cogitationes
1696 770 1850 822 puras
1875 757 2032 812 meri-

479 854 600 896 .tutn
632 845 785 897 nobis
827 847 1188 900 sanctimonia
1215 838 1446 904 Domino
1495 847 1726 902 donante
1765 850 2029 917 conquiri-

494 942 626 984 mus.
643 929 875 998 Expletis
896 942 1069 987 autem
1090 937 1345 990 mandatis
1367 937 2027 1009 hujusccconsecrationis,

493 1022 665 1072 Aaron
706 1029 761 1073 rt
806 1021 1028 1075 ﬁliorum
1072 1023 1220 1092 ejus,
1274 1027 1409 1079 redit
1437 1027 1706 1093 Scriptura
1757 1026 2030 1093 percipere

491 1113 648 1163 etiam
675 1108 742 1162 de
769 1109 966 1162 factura
995 1113 1174 1166 altaris
1204 1113 1430 1177 incensi,
1457 1114 1508 1166 iu
1536 1129 1643 1180 quo
1683 1113 1822 1167 idem
1854 1118 2027 1181 Aaron

493 1199 843 1262 quotidianum
868 1199 1076 1253 adolere
1104 1201 1386 1267 thymiama
1413 1202 1646 1254 deberet.

1089 1289 1308 1344 CAPUT
1351 1289 1436 1342 XI.

535 1447 538 1449 Α
901 1379 1082 1431 Alteris
1112 1379 1301 1432 incensi
1325 1382 1608 1450 descriptio.

561 1465 751 1530 (Exod.
785 1468 932 1534 xxx.)
980 1465 1154 1520 Facies
1193 1484 1386 1538 quoque
1413 1471 1575 1524 altare
1616 1470 1684 1521 ad
1725 1469 2026 1523 σάοιεηόιιηι

490 1541 795 1619 thymiama,
821 1563 923 1607 etc.
965 1554 1020 1608 Si
1061 1558 1224 1609 altare
1274 1557 1583 1632 holocausti,
1633 1558 1699 1612 de
1725 1573 1830 1626 quo
1867 1572 2024 1626 supra

490 1641 684 1696 dictum
710 1653 807 1703 est.
840 1645 1158 1712 generaliter
1183 1649 1340 1701 vitam
1371 1647 1606 1714 designat
1625 1648 1904 1716 justorum,
1936 1649 2022 1715 qui

490 1717 710 1786 carnem
731 1747 877 1786 suam
907 1734 1140 1801 quotidie
1166 1735 1483 1802 cruciﬁgere
1500 1750 1620 1789 cum
1650 1737 1790 1789 vitiis
1815 1744 1869 1788 et
1889 1749 2020 1788 con-

489 1820 851 1888 cupiscentiis,
900 1833 1058 1888 atque
1104 1823 1156 1875 iti
1210 1823 1433 1875 hostiam
1490 1824 1750 1878 viventem
1801 1823 2026 1876 Domino

489 1908 677 1962 offerre
723 1922 1072 1976 consuerunt;
1102 1911 1224 1977 quid
1261 1912 1360 1965 hoc
1389 1913 1552 1968 altare
1598 1914 1664 1966 ad
1708 1913 2024 1967 adolendum

491 1998 769 2069 thymiama
798 2000 988 2054 factum
1017 2043 1030 2063 ,
1065 1999 1163 2053 nisi
1195 2001 1476 2069 specialem
1515 2003 1862 2069 quorumdam
1911 2019 2026 2070 pcr-

491 2091 746 2144 fectorum
778 2090 932 2143 vitam
966 2093 1264 2159 signiﬁcat?
1290 2091 1470 2162 Neque
1489 2093 1628 2146 enim
1653 2091 1844 2146 frustra
1863 2092 1914 2145 in
1939 2092 2027 2144 illo

488 2194 675 2232 carnes
699 2181 1000 2232 animalium
1033 2180 1466 2244 incendebantur,
1509 2181 1558 2232 in
1591 2181 1690 2233 ltoc
1718 2181 2027 2238 adolebatoc

489 2271 792 2332 incensum;
824 2269 925 2320 nisi
952 2270 1070 2335 quia
1103 2270 1154 2320 in
1192 2267 1282 2320 illo
1313 2268 1666 2336 ﬁgurabantur
1709 2270 1761 2325 lti
1800 2289 1886 2342 qui
1919 2287 2023 2326 non

490 2358 770 2412 secundum
799 2358 1056 2412 desideria
1081 2358 1253 2412 carnis
1279 2359 1586 2428 ambulant,
1616 2365 1708 2418 sed
1737 2363 1883 2432 quasi
1915 2363 2028 2417 haec

492 2447 710 2501 Domino
735 2448 1091 2517 immolantes,
1126 2465 1310 2507 omnes
1339 2457 1417 2506 sui
1448 2457 1682 2521 corporis
1720 2466 1906 2505 sensus
1933 2467 2028 2519 per

493 2536 664 2611 ignem
693 2545 856 2596 sancti
883 2544 1107 2611 Spiritus
1133 2542 1243 2610 ejus
1268 2543 1518 2594 voluntati
1539 2541 1782 2594 dedicant
1805 2559 1817 2593 :
1848 2540 1900 2594 in
1927 2541 2028 2594 isto

490 2645 659 2686 autem
690 2633 893 2684 illarum
923 2643 1074 2698 typus
1107 2630 1436 2697 exprimitur,
1475 2629 1560 2697 qui
1595 2629 1794 2696 majore
1834 2628 2028 2682 mentis

492 2723 840 2789 perfectione,
867 2724 1135 2775 exstinctis
1183 2735 1394 2787 prorsus
1440 2735 1502 2774 ac
1540 2720 1721 2788 sopitis
1769 2720 2028 2774 illecebris

491 2813 728 2865 omnibus
773 2812 963 2874 carnis,
994 2809 1106 2862 sola
1139 2808 1361 2862 Dimino
1401 2809 1692 2861 orationum
1737 2817 1854 2860 vota
1898 2807 2028 2862 oﬁ'e-

493 2913 612 2955 inut
644 2916 658 2952 :
687 2903 755 2953 nil
789 2900 992 2968 quidem
1023 2900 1088 2952 de
1115 2914 1307 2962 carne,
1328 2899 1492 2969 ~quod
1525 2913 1582 2952 se
1626 2901 1922 2968 impugnet,
1954 2901 2023 2952 nil

491 2993 556 3046 de
576 2991 894 3044 conscientia
921 2992 1114 3058 peccati
1137 2991 1275 3044 unde
1295 2991 1673 3044 conturbentur
1695 3003 1752 3042 ac
1780 2998 2022 3056 paveant,

2133 577 2377 637 libamina
2407 581 2602 635 debent
2630 584 2909 650 preparari
2943 599 2958 634 :
2986 585 3104 652 quia
3126 583 3370 638 omnibus
3400 586 3684 655 generali.

2131 677 2213 722 ter
2239 669 2436 737 pusillis
2477 685 2596 722 cuin
2642 669 2928 738 majoribus
2955 671 3182 738 loquitur
3210 674 3494 741 Apostolus
3521 715 3539 737 ,
3596 674 3683 727 di-

2131 767 2256 808 cens
2280 771 2290 804 :
2319 754 2618 809 lutulentus
2646 771 2737 810 nos
2759 760 2823 810 ab
2847 759 2984 812 omni
3005 757 3376 828 inquinamenta
3415 763 3598 815 mia
3636 774 3686 814 es

2131 843 2364 908 spiritus.
2407 845 2717 910 per/idenm
2758 847 3202 912 sanctiﬁcationeat
3247 850 3298 902 iu
3351 851 3541 904 timore
3589 849 3686 903 Dei

2132 929 2182 998 (Ι
2192 929 2217 981 1
2247 931 2362 984 Cor.
2390 933 2482 1001 vn)
2510 950 2522 986 :
2550 936 2687 1002 quod
2719 944 2802 990 est
2824 937 2942 992 aliis
2967 939 3140 994 verbis
3176 940 3374 996 dicere.
3401 941 3684 996 Precida-

2133 1032 2268 1083 tuus,
2298 1029 2349 1073 et
2374 1021 2672 1076 auferamus
2699 1038 2725 1074 a
2756 1025 2908 1078 nobis
2934 1028 3033 1095 spii
3054 1036 3140 1082 eta
3167 1027 3434 1096 vitiorum,
3461 1039 3518 1084 et
3539 1047 3684 1099 pun-

2129 1108 2357 1161 ctiunum
2391 1109 2598 1180 aculeos
2643 1110 2994 1177 titillantium,
3045 1129 3178 1184 quos
3231 1124 3370 1170 terra
3420 1115 3681 1186 corporis

2129 1197 2292 1249 nostri
2318 1211 2382 1251 ex
2412 1209 2624 1265 peccato
2649 1202 2830 1270 prima
2869 1205 3317 1272 praevaricationis
3362 1209 3516 1262 nobis
3537 1223 3676 1277 ger-

2129 1285 2328 1339 minare
2354 1289 2651 1352 cousuevit,
2681 1301 2737 1344 et
2773 1292 2925 1360 quasi
2953 1293 3177 1361 quadam
3218 1295 3437 1363 bipenni
3465 1295 3679 1350 sedula:

2127 1374 2482 1441 castigationis
2528 1378 2820 1434 incidentes
2847 1383 3154 1438 excolamus
3197 1392 3412 1440 strenue
3441 1385 3676 1440 interio-

2128 1475 2236 1513 rem
2263 1463 2418 1516 simul
2443 1475 2496 1516 et
2519 1465 2832 1521 exteriorem
2871 1469 3134 1525 bolnem
3167 1483 3403 1526 nostrum
3424 1513 3440 1536 .
3469 1477 3562 1542 qui
3593 1473 3679 1526 di-

2125 1564 2257 1616 gnus
2286 1550 2394 1615 ﬁat,
2415 1563 2628 1620 accepto
2656 1557 2824 1610 sancti
2855 1556 3081 1625 Spiritus
3109 1561 3232 1629 igne
3252 1601 3267 1623 ,
3302 1561 3530 1616 hostiam
3565 1562 3676 1614 vir-

2129 1645 2294 1690 tutum
2323 1638 2374 1690 in
2401 1652 2684 1710 conspectu
2707 1645 2790 1698 sui
2818 1645 3115 1700 Conditoris
3139 1647 3352 1702 olerre.
3370 1651 3505 1716 Apte
3532 1663 3675 1704 unus

2125 1741 2187 1780 ac
2213 1743 2315 1780 non
2341 1729 2516 1798 dispar
2540 1741 2655 1786 erat
2680 1735 2833 1803 ignis,
2857 1737 2946 1804 qui
2975 1737 3027 1790 in
3057 1737 3156 1791 hoc
3197 1738 3347 1791 altari
3389 1740 3634 1792 victimas
3654 1779 3672 1802 ,

2129 1817 2178 1868 in
2206 1817 2298 1871 illo
2320 1821 2471 1871 thura
2501 1821 2842 1890 incendebat;
2865 1827 2984 1894 quia
3012 1827 3263 1881 nimirum
3291 1845 3426 1885 unus
3449 1842 3531 1884 est
3555 1831 3669 1898 spi-

2128 1905 2278 1970 ritus,
2309 1909 2394 1976 qui
2423 1920 2731 1965 cunctorum
2762 1923 2966 1969 mentes
2991 1915 3226 1970 ﬁdelium
3251 1919 3486 1971 variante
3505 1919 3670 1970 dona-

2127 1996 2323 2050 tionum
2368 2001 2529 2066 gratia
2556 2001 2800 2058 viviﬁcat.
2839 2000 2986 2070 Quod
3031 2015 3204 2059 autem
3247 2009 3414 2060 altare
3465 2007 3670 2060 incursi

2125 2086 2535 2155 quadrangulum
2568 2089 2684 2154 fuit,
2715 2107 2872 2146 unum
2926 2093 3123 2148 habens
3157 2095 3391 2148 cubi:um
3444 2096 3672 2166 longitu-

2125 2175 2281 2244 diuis,
2313 2187 2365 2234 et
2392 2178 2612 2236 alterum
2643 2181 2951 2249 latitudinis,
2977 2176 3107 2238 duo;
3128 2199 3253 2240 vero
3280 2185 3331 2238 in
3370 2186 3664 2250 latitudine,

2126 2267 2388 2335 longitudo
2414 2270 2479 2322 ad
2508 2271 2956 2338 longanimitatem
2991 2273 3252 2340 patientiae
3277 2315 3291 2336 ,
3342 2282 3399 2327 ut
3427 2275 3480 2326 in
3506 2287 3671 2340 expo-

2126 2359 2314 2412 sitione
2340 2359 2520 2412 altaris
2544 2361 2830 2414 holocausti
2857 2364 3050 2415 dictum
3079 2375 3179 2427 est,
3208 2362 3436 2416 latitudo
3467 2365 3530 2416 ad
3556 2377 3668 2417 am-

2129 2449 2429 2513 plitudinem
2457 2444 2774 2518 dilectionis,
2805 2452 3025 2505 altitudo
3051 2454 3273 2520 pertinet
3293 2453 3358 2506 ad
3382 2455 3668 2508 sublimitao

2129 2545 2233 2589 tem
2256 2537 2387 2603 spei,
2415 2552 2506 2604 per
2533 2553 2687 2606 quam
2711 2540 2760 2593 in
2789 2541 3029 2595 laborum
3080 2543 3352 2596 tolerantia
3400 2552 3659 2610 tempora-

2133 2623 2278 2688 lium,
2309 2634 2361 2678 et
2392 2626 2649 2682 hilaritate
2674 2627 2967 2682 dilectionis
3010 2631 3210 2684 sincera
3258 2643 3432 2684 mente
3476 2631 3666 2700 gaude-

2127 2727 2263 2766 mus.
2293 2711 2453 2768 Unius
2481 2727 2650 2768 autem
2679 2725 2760 2769 est
2785 2719 2946 2771 cubiti
2971 2729 3023 2772 et
3051 2720 3318 2788 longitudo
3346 2731 3401 2774 et
3445 2721 3660 2776 latitudo

2125 2803 2326 2869 altaris,
2351 2805 2558 2872 quando
2588 2807 2776 2859 summi
2806 2808 2996 2875 quique
3021 2817 3073 2864 et
3095 2808 3310 2876 perfecti
3343 2812 3395 2864 in
3435 2813 3664 2867 Ecclesia

2126 2893 2244 2958 viri,
2270 2895 2460 2947 nullius
2491 2896 2707 2949 alteiius
2737 2897 2810 2950 rei
2839 2913 2992 2962 quam
3017 2911 3281 2966 perpetuat
3307 2902 3665 2956 retributionis

2128 2982 2334 3047 intuitu,
2365 2991 2417 3036 et
2444 2985 2577 3037 main
2609 2985 2910 3053 temporalia
2955 2989 3315 3056 aequanimiter
3356 2991 3535 3044 ferunt
3561 3031 3574 3052 .
3615 3000 3666 3045 et

494 3082 765 3145 habentes,
791 3080 882 3134 sed
906 3080 1134 3133 dulcium
1159 3079 1455 3146 profusione
1477 3078 1822 3141 lacrymarum
1841 3088 2023 3144 optan-
2053 3105 2101 3168 ο
2126 3085 2446 3140 quaecunque
2473 3074 2647 3126 Valent
2675 3075 2922 3142 proximis
2949 3090 3038 3141 per
3063 3077 3370 3132 cliarilatem
3395 3081 3532 3134 bona
3572 3082 3665 3133 iut-

495 3183 571 3226 tes
603 3171 803 3231 venire,
836 3181 888 3222 et
931 3183 1184 3236 apparere
1215 3177 1336 3220 ante
1366 3167 1547 3220 faciem
1592 3166 1700 3219 Dei.
1736 3165 1882 3218 Unde
1908 3177 2028 3232 apte

497 3265 593 3317 hoc
621 3265 785 3315 altare
829 3261 966 3314 intus
998 3261 1046 3310 in
1081 3258 1268 3310 vicinia
1315 3256 1412 3310 veli
1457 3265 1512 3309 et
1557 3270 1692 3308 arcze
1717 3299 1730 3320 ,
1763 3256 1884 3308 illud
1911 3264 2031 3308 ante

494 3352 880 3407 tabernaculum
913 3349 1040 3403 foris
1067 3349 1289 3414 positum
1311 3355 1418 3411 est;
1442 3346 1562 3414 quia
1592 3343 1835 3398 nimirum
1872 3345 1942 3397 illi
1969 3344 2022 3396 in

495 3451 778 3510 conspectu
805 3449 999 3492 sancta:
1031 3438 1274 3491 Ecc‘esim
1299 3437 1497 3489 cunctis
1522 3437 1572 3488 in
1599 3434 1840 3502 exemplo
1863 3434 2028 3486 virtu-
2063 3451 2066 3454 θ

496 3545 602 3585 tum
635 3530 968 3598 pra-fulgent;
1000 3526 1084 3580 isti
1111 3527 1312 3579 altioris
1359 3524 1548 3577 ardore
1581 3522 1864 3591 desiderii,
1905 3537 2032 3576 con-

499 3618 819 3686 templationi
845 3617 1028 3666 futurae
1049 3613 1387 3667 beatitudinis
1408 3613 1560 3666 etiam
1589 3628 1810 3678 corpore
1835 3615 2030 3668 detenti

501 3721 604 3757 non
636 3705 904 3755 minimum
937 3702 1302 3770 propinquant.
1341 3702 1473 3766 Apte
1512 3701 1637 3753 illud
1666 3717 1798 3763 tere,
1825 3703 1922 3755 hoc
1951 3717 2036 3756 ve-

499 3796 612 3847 stiri
640 3803 767 3846 auro
800 3793 1096 3861 praecipitur
1125 3808 1136 3843 :
1167 3805 1238 3843 ars
1269 3805 1492 3858 namque
1523 3792 1633 3858 plus
1671 3793 1787 3843 aliis
1817 3794 2035 3845 metallis

500 3900 747 3937 sonorum
779 3897 838 3936 ac
885 3883 973 3935 diu
1002 3881 1238 3934 durabile
1267 3891 1384 3943 est;
1414 3895 1596 3933 aurum
1623 3895 1744 3934 vero
1789 3891 2034 3948 quantum

499 3989 630 4027 sono
656 3972 967 4032 succumbit,
1001 3979 1198 4023 tantum
1228 3968 1508 4036 splendore
1538 3978 1752 4037 pra-stat
1778 3985 2035 4024 :eramen-

500 4075 570 4116 to.
607 4063 755 4118 Unde
786 4071 930 4115 certe
958 4075 1157 4114 :cneum
1189 4061 1375 4125 altare,
1418 4059 1468 4112 in
1495 4073 1600 4129 quo
1631 4074 1813 4112 carnes
1855 4060 2037 4113 incen-

501 4153 776 4216 debentur,
807 4160 860 4204 et
881 4151 1088 4218 sanguis
1116 4148 1425 4202 fundebatur
1452 4149 1803 4212 victimarum,
1828 4150 2034 4202 illorum

500 4251 668 4304 gestat
707 4253 916 4310 typum,
953 4241 1038 4308 qui
1069 4241 1308 4293 edomitis
1337 4249 1390 4293 et
1415 4243 1554 4294 velut
1603 4241 1708 4294 Deo
1757 4243 2038 4294 immolatis

501 4330 848 4395 voluptatibus
890 4330 1095 4388 carnis,
1146 4339 1542 4390 perseveranter
1588 4330 1722 4379 viam
1759 4329 2032 4392 veritatis,

2135 3161 2377 3226 pendunt.
2423 3161 2570 3226 Item,
2611 3165 2732 3232 quia
2769 3166 2993 3218 charitas
3043 3169 3249 3234 patiens
3298 3178 3399 3232 est,
3446 3170 3662 3239 benigna

2131 3259 2228 3302 est.
2259 3250 2465 3303 Patiens
2489 3253 2755 3317 videlicet,
2786 3262 2844 3308 ut
2874 3255 3070 3308 illatam
3095 3271 3124 3308 a
3150 3258 3391 3324 proximo
3423 3260 3661 3328 injuriam

2134 3339 2322 3392 toleret
2349 3356 2360 3390 :
2395 3341 2632 3407 benigna,
2662 3349 2717 3393 ut
2742 3341 2891 3409 cujus
2913 3344 3131 3396 adversa
3163 3345 3367 3407 tolerat,
3395 3349 3464 3399 illi
3487 3352 3659 3412 etia.u,

2131 3443 2249 3482 cum
2278 3445 2406 3496 opus
2433 3430 2688 3494 habuerit,
2717 3431 2888 3484 ofﬁcia
2935 3433 3144 3500 pietatis
3195 3434 3461 3488 exhibeat.
3505 3436 3658 3490 [lecte

2133 3519 2296 3572 altare
2335 3520 2682 3588 thymiamatis
2727 3523 2776 3575 in
2822 3523 3141 3592 lungitudine
3189 3536 3243 3578 et
3294 3526 3346 3578 in
3401 3526 3664 3580 latitudine

2131 3610 2542 3679 quadrangulum
2571 3609 2677 3663 ﬁeri
2701 3609 2941 3678 iubetur;
2976 3621 3030 3664 ut
3060 3611 3375 3678 insinuetur,
3397 3617 3517 3683 quia
3550 3631 3663 3682 per-

2133 3699 2387 3753 fecturum
2429 3701 2632 3753 animus
2677 3699 2942 3753 fmderatis
2989 3701 3052 3753 ad
3101 3701 3324 3754 invicem
3355 3705 3662 3765 virtutibus,

2133 3801 2380 3858 quantum
2404 3789 2620 3856 diligere
2649 3788 2897 3852 fratrem,
2935 3797 3131 3841 tantum
3175 3800 3228 3843 et
3268 3790 3406 3843 ferre
3443 3793 3663 3850 sufficit.

2134 3889 2186 3933 et
2211 3892 2456 3946 quantum
2478 3893 2568 3944 per
2586 3879 2884 3943 patientiam
2907 3879 3164 3930 sustinere
3183 3889 3355 3946 pou-st
3375 3883 3660 3933 molestiam

2135 3965 2269 4036 ejus,
2303 3975 2497 4018 tantum
2529 3973 2773 4032 pra-stare
2797 3965 2844 4015 ei
2875 3962 2964 4030 per
2994 3965 3325 4018 dilectionem
3364 3982 3474 4020 sua:
3503 3969 3661 4034 pieta-

2137 4060 2202 4111 tis
2228 4058 2637 4112 benevolentiam
2670 4063 2861 4122 potest.
2898 4055 3037 4108 Duos
3063 4067 3234 4110 autem
3268 4058 3424 4110 habet
3461 4059 3661 4112 cubitus

2137 4153 2188 4205 in
2218 4148 2511 4210 altitudine,
2539 4145 2654 4214 quia
2698 4146 2886 4213 duplex
2931 4158 3048 4198 sese
3093 4147 3363 4211 praemium
3412 4149 3465 4200 in
3496 4150 3664 4201 futura

2137 4241 2242 4293 vita
2272 4251 2576 4306 accepturos
2601 4248 2811 4302 sperant
2839 4238 3017 4300 electi,
3049 4253 3206 4290 unum
3241 4237 3482 4292 videlicet
3525 4239 3670 4305 quieo

2142 4330 2207 4383 tis
2234 4329 2543 4392 animarum,
2577 4340 2692 4378 cum
2722 4326 3055 4391 corruptibile
3076 4326 3173 4379 hoc
3215 4337 3268 4380 et
3300 4329 3517 4380 mortale
3555 4341 3668 4378 cor-

503 4433 654 4488 quam
687 4417 845 4470 semel
879 4415 1218 4481 inchoavere,
1260 4425 1550 4484 peragunt,
1579 4425 1631 4468 et
1662 4419 1794 4468 hanc
1831 4432 2033 4486 quoque
2065 4433 2114 4491 ι)
2138 4434 2235 4495 pus
2279 4425 2558 4477 exuentes,
2601 4415 2822 4467 cmfeste
2875 4427 3088 4480 regnum
3143 4414 3481 4474 intraverint;
3529 4413 3658 4466 aliud

503 4506 756 4575 proximis
783 4504 1126 4558 incedendatn
1155 4506 1338 4558 crebro
1367 4519 1611 4558 sermone
1657 4506 2041 4573 pradicationis

504 4599 768 4652 insonant.
812 4595 974 4648 Porro
1025 4609 1238 4646 aureum
1295 4594 1459 4646 altare
1513 4594 1614 4645 illis
1671 4595 2043 4650 conveni-nter

505 4696 708 4755 aptatur
733 4685 821 4753 qui
859 4684 1079 4752 amplius
1126 4684 1293 4751 gratia
1341 4698 1582 4748 supernas
1623 4685 1873 4739 claritatis
1923 4686 2040 4742 illu-

504 4755 766 4838 stramur;
796 4775 887 4828 sed
917 4774 1091 4827 minus
1117 4776 1233 4826 aliis
1256 4788 1369 4840 qua:
1401 4775 1449 4825 iu
1492 4785 1695 4827 secreto
1742 4775 1809 4829 de
1839 4778 2040 4831 interna

511 4863 763 4915 suavitate
791 4871 1016 4927 gustent,
1046 4860 1268 4912 dicendo
1298 4861 1536 4926 aperiunt
1567 4877 1580 4914 :
1614 4863 1782 4914 minus
1803 4875 2045 4917 eructare

514 4946 1186 5016 proloquendosufﬁciunt,
1220 4957 1409 5012 quanta
1452 4948 1546 5015 ipsi
1581 4950 1720 5002 intus
1772 4952 2048 5004 dulcedine

516 5041 565 5090 in
593 5037 766 5089 abdito
805 5036 976 5086 vultus
1018 5034 1107 5086 Dei
1156 5037 1468 5087 reficiantur.
1501 5041 1634 5102 Apte
1679 5041 1836 5089 etiam
1887 5040 2048 5091 altare

519 5124 868 5193 thymiamatis
927 5133 1123 5191 quanto
1175 5123 1373 5177 metalli
1423 5127 1621 5193 fulgure
1654 5127 2047 5192 praecellebat,

518 5222 658 5265 tanto
687 5227 926 5266 mensura
959 5211 1128 5264 minus
1161 5210 1284 5272 fuit;
1326 5211 1444 5278 quia
1474 5227 1576 5279 quo
1606 5213 1895 5265 sanctiores
1934 5215 2049 5276 qui-

516 5318 614 5369 que
647 5303 694 5353 in
727 5301 953 5354 Ecclesia
975 5339 989 5362 ,
1017 5316 1081 5353 eo
1113 5311 1232 5353 sunt
1263 5302 1549 5367 pauciores.
1579 5302 1710 5368 Apte
1749 5303 1813 5354 de
1849 5303 2048 5356 eisdem

526 5393 680 5458 lignis
705 5394 880 5455 setim,
912 5405 1027 5458 quae
1051 5392 1180 5443 allise
1213 5391 1372 5457 spina:
1400 5392 1587 5443 similia
1612 5407 1758 5455 esse,
1791 5404 1843 5446 et
1873 5394 2052 5444 incor-

521 5482 777 5546 ruptibilia
809 5481 1056 5541 diximus,
1088 5488 1361 5545 utrumque
1391 5480 1554 5531 altare
1583 5478 1690 5533 ﬁeri
1715 5484 2012 5548 praecipitur
2037 5499 2047 5531 :

523 5569 640 5633 quia
675 5568 912 5617 nimirum
946 5583 1042 5619 una
1087 5575 1168 5619 est
1212 5568 1326 5618 ﬁdei
1360 5584 1459 5620 non
1511 5570 1637 5620 ficta
1671 5570 1918 5637 firmitas,
1953 5587 2052 5639 qua

525 5658 753 5708 omnium
784 5656 939 5707 Corda
967 5659 1248 5710 CitClOl'llﬂl
1276 5658 1594 5723 prmmuniri,
1619 5666 1773 5728 atque
1801 5661 1863 5714 ad
1890 5660 2054 5713 susei-

2143 4526 2264 4567 cum
2298 4513 2507 4570 recepto
2527 4503 2710 4556 eodem
2727 4514 2948 4565 corpore
2967 4499 3264 4564 incorrupto
3286 4507 3443 4565 atque
3467 4501 3670 4553 immor-

2144 4601 2254 4663 tali,
2289 4596 2567 4665 perlectius
2607 4591 2657 4641 in
2701 4587 2974 4654 praesentia
3004 4588 3080 4637 sui
3107 4585 3409 4642 Conditoris
3447 4591 3662 4643 “sum.

2145 4692 2290 4752 bunt,
2325 4685 2530 4750 impleta
2560 4679 2904 4744 promissione
2937 4678 3257 4745 praplietica,
3286 4695 3404 4749 qua
3425 4682 3548 4735 dicit
3571 4700 3582 4730 ε
3607 4679 3687 4744 1,..

2147 4790 2280 4832 terra
2301 4790 2390 4826 sua
2420 4770 2640 4837 duplicia
2661 4767 3011 4835 possidebunt,
3042 4768 3222 4821 latitia
3257 4775 3557 4839 sempiterna
3580 4773 3666 4823 erit

2147 4869 2216 4918 eis
2241 4863 2370 4931 (lsa.
2395 4861 2523 4926 th).

2217 4954 2417 5007 Cornua
2462 4968 2522 5004 ea:
2571 4953 2678 5016 ipso
2721 4951 3019 5016 precedent,
3067 4960 3165 5002 etc.
3213 4950 3423 5003 Cornua
3461 4950 3663 5019 sapeiu

2149 5044 2432 5112 Scripturis
2461 5045 2630 5096 solent
2659 5042 2997 5093 eminentiam
3023 5041 3296 5106 designare
3342 5040 3460 5096 ﬁdei
3491 5053 3542 5096 et
3567 5044 3665 5096 vir-

2150 5143 2316 5187 tutum
2342 5154 2352 5184 :
2389 5148 2480 5200 per
2511 5145 2664 5199 quam
2692 5129 2954 5183 oliviautia
2981 5129 3127 5181 uobis
3150 5132 3346 5198 antiqui
3378 5133 3544 5187 bustis
3565 5147 3666 5186 cer-

2152 5225 2343 5277 tamina
2382 5220 2672 5274 obtundere
2715 5233 2776 5273 ac
2823 5233 3072 5286 superare
3119 5219 3406 5286 debemus,
3454 5223 3670 5277 dicentes

2151 5329 2264 5367 cum
2293 5313 2545 5380 prepheta
2587 5310 2803 5362 Domino
2830 5328 2842 5363 :
2878 5306 2940 5359 lu
2980 5318 3024 5358 te
3053 5309 3280 5362 inimicos
3308 5322 3502 5363 nostros
3529 5327 3668 5364 cornu

2152 5401 2489 5467 ventilabimus
2518 5398 2732 5465 (Psalm.
2758 5396 2956 5460 vam).
2983 5396 3080 5459 Qui
3122 5413 3240 5451 mox
3281 5400 3349 5454 de
3390 5416 3495 5468 quo
3523 5413 3670 5454 cornu

2154 5493 2400 5553 dixisset,
2431 5488 2702 5543 subdeudo
2748 5486 3032 5537 declaravit
3058 5486 3278 5540 dicens:
3316 5489 3378 5540 Et
3406 5492 3458 5542 in
3493 5489 3670 5541 nouunt

2157 5592 2241 5634 tuo
2265 5597 2553 5650 spernemus
2580 5581 2888 5645 insurgentes
2909 5577 2959 5627 in
2983 5593 3091 5628 nos.
3117 5577 3260 5632 Sicut
3281 5593 3313 5632 θ
3333 5589 3537 5643 contra,
3561 5592 3670 5631 non-

2161 5687 2416 5740 nunquam
2441 5671 2570 5722 lnclla
2595 5668 2855 5725 vitiorum,
2882 5682 2996 5734 quae
3025 5680 3116 5719 nes
3140 5681 3442 5734 expugnare
3472 5669 3668 5722 molitm
