3898 6260
247 353 352 409 889

236 569 345 624 que
395 555 626 608 breviter
672 554 980 620 complexus
1032 569 1126 622 per
1175 553 1484 621 pr0phetam
1537 552 1790 606 Dominus

243 641 450 696 dicebat
475 660 486 693 :
521 639 587 694 Et
617 643 785 694 omnia
813 655 1127 710 peccatorum
1156 658 1347 695 cornua
1376 643 1688 712 confringant
1706 681 1720 705 ,
1747 651 1795 694 et

240 729 598 784 eraltabuntur
623 747 813 785 cornua
844 734 981 803 justi
1007 731 1226 803 (Psalnt.
1259 732 1438 796 van).
1476 731 1626 787 Unde
1657 733 1793 788 bene

241 821 295 874 iu
329 820 440 890 lege
459 824 664 875 cornuti
693 831 894 876 tantum
921 823 1135 892 generis
1156 823 1400 876 animalia
1421 822 1615 876 munda
1643 837 1784 889 esse,

241 917 297 962 et
323 909 515 977 popqu
558 910 647 965 Dei
689 910 1040 965 comestibilia
1070 911 1446 965 decernuntur.
1476 911 1604 978 Quae
1650 911 1790 963 enim

234 997 508 1050 ruminant
533 1008 689 1068 atque
715 1001 958 1068 ungulam
990 998 1195 1053 ﬁndunt
1219 1000 1461 1052 animalia
1483 1039 1498 1062 ,
1529 1014 1590 1054 ea
1633 1002 1790 1054 etiam

240 1092 448 1137 constat
471 1100 588 1138 esse
611 1097 831 1140 cornuta
854 1104 869 1152 ;
897 1083 1284 1141 ut'ostendatur
1309 1089 1530 1157 mystice
1554 1087 1690 1156 quod
1719 1088 1790 1140 ill.

244 1182 444 1225 tantum
477 1174 727 1228 Ecclesia:
758 1176 848 1230 Dei
877 1177 1134 1243 spirituali
1163 1176 1546 1245 conjunctione
1575 1187 1794 1244 possunt

243 1260 595 1330 incorporari,
619 1266 705 1334 qui
741 1265 1050 1322 fortitudine
1095 1267 1215 1322 ﬁdei
1257 1269 1322 1321 ad
1368 1269 1504 1322 bella
1547 1259 1792 1320 vitiarum

244 1353 478 1406 existere
503 1354 789 1420 probantur
819 1354 1020 1409 invicti.
1049 1355 1345 1410 Procedunt
1374 1368 1547 1410 autem
1593 1371 1793 1410 cornua

245 1457 315 1494 ex
344 1444 458 1510 ipso
482 1444 630 1497 altari
661 1446 1034 1516 thymiamatis,
1056 1463 1176 1501 cum
1203 1462 1364 1518 opera
1397 1449 1644 1502 virtutum
1689 1451 1796 1503 ele-

243 1527 335 1590 cti,
369 1546 470 1583 non
498 1532 561 1584 ad
592 1531 775 1586 faciem
805 1533 1073 1588 hominum
1099 1535 1273 1603 specie
1300 1549 1317 1587 t
1346 1551 1453 1594 inus
1475 1538 1754 1591 ostendunt
1777 1579 1791 1600 ,

243 1620 338 1674 sed
368 1635 429 1673 ex
460 1621 666 1675 interna
715 1624 907 1678 mentis
955 1618 1167 1690 radice,
1211 1641 1312 1686 uso
1345 1640 1514 1689 breue
1542 1625 1794 1680 immobili

239 1722 494 1765 exercent
511 1712 719 1767 aﬁ‘ectu.
742 1718 806 1767 At
828 1725 1008 1770 contra
1038 1717 1346 1787 hypocrita,
1372 1719 1518 1786 quasi
1542 1720 1795 1774 cornibus

1058 354 1144 407 DE
1186 353 1685 409 TABERNACULO
1728 354 1813 409 ET
1856 353 2049 409 VASIS
2088 352 2268 409 EJUS.
2299 383 2364 394 —
2402 353 2529 410 LIB.
2573 352 2655 408 Ili.

246 475 349 530 tur,
369 477 622 518 cornuum
650 462 861 517 nomine
891 461 1063 516 solent
1106 461 1349 517 iudicari.
1382 463 1530 528 Quod
1579 472 1788 516 utrum-
1818 465 1875 522 Α

3346 357 3449 414 ωο

1969 459 2034 512 Et
2074 461 2202 513 duos
2243 463 2454 513 snnulos
2499 476 2678 514 aureos
2713 459 2800 515 sub
2826 476 3032 526 corona,
3063 470 3170 516 etc.
3221 461 3446 519 Possunt

1900 548 2108 616 quidem
2155 548 2206 602 in
2257 549 2339 601 bis
2375 550 2603 614 annulis,
2657 549 2847 616 quibus
2898 551 3062 603 altare
3115 554 3444 618 portabatur,

1894 629 2040 703 juxta
2070 637 2209 706 quod
2239 643 2397 705 supra
2426 639 2475 690 in
2505 638 2654 691 altari
2684 638 2992 704 hoiocausti,
3020 655 3137 695 arca
3167 650 3221 696 et
3264 657 3446 696 mensa

1894 725 2189 792 expositum
2214 735 2312 788 est,
2337 736 2557 795 quatuor
2579 727 2976 797 Evangeliorum
2999 729 3112 785 libri
3133 745 3234 784 non
3259 732 3447 787 incon-

1899 811 2168 866 venienter
2206 815 2393 882 accipi,
2437 831 2530 883 per
2573 830 2794 885 quorum
2841 817 2997 872 ﬁdem
3045 832 3106 872 ac
3150 819 3448 874 dicerinam

1897 902 2064 954 sancti
2095 911 2389 970 portantur,
2419 913 2576 972 atque
2603 919 2632 957 s
2658 906 2878 961 terrenis
2896 908 3304 977 cogitationibus
3331 911 3450 965 sub-

1901 990 2080 1054 levati,
2115 1007 2206 1059 per
2230 1007 2462 1046 eremum
2488 994 2641 1061 hujus
2674 996 2792 1051 vita:
2834 999 3154 1064 quotidianis
3191 999 3446 1055 bonorum

1899 1096 2114 1148 operum
2161 1082 2478 1150 profectibus
2515 1086 2784 1139 cmlestem
2826 1072 3066 1142 feruniur
3108 1090 3171 1142 ad
3208 1091 3451 1159 patriam.

1905 1170 2094 1224 Verum
2138 1172 2256 1238 quia
2297 1172 2364 1223 ibi
2397 1171 2670 1226 manifeste
2710 1184 2931 1241 quatuor
2965 1177 3150 1230 circuli
3179 1177 3316 1243 ﬁeri,
3345 1179 3451 1234 duo

1897 1258 2141 1314 videlicet
2170 1259 2220 1312 iii
2242 1262 2415 1331 latere
2438 1277 2561 1325 uno,
2587 1272 2641 1316 et
2663 1262 2766 1315 duo
2784 1262 2838 1315 in
2858 1263 3025 1318 altero
3050 1268 3445 1334 prmcipiuntur,

1900 1349 1981 1401 hic
2011 1362 2184 1402 autem
2218 1350 2373 1403 tacito
2401 1367 2618 1406 nurnero
2644 1355 2977 1421 quaternario
3000 1355 3104 1408 duo
3144 1358 3319 1408 annuli
3355 1373 3452 1423 per

1897 1440 2100 1510 singula
2135 1442 2291 1494 latera
2333 1443 2462 1495 fiunt
2495 1461 2507 1495 :
2542 1459 2635 1511 pro
2673 1453 2817 1498 certo
2847 1443 2913 1498 ibi
2945 1447 3177 1512 apertius
3221 1462 3450 1517 evange-

1898 1528 2136 1582 listarum
2160 1546 2407 1585 numerus
2425 1533 2606 1599 claret,
2633 1535 2715 1588 hic
2734 1550 2856 1588 vero
2869 1538 3024 1590 etiam
3048 1537 3185 1591 aliud
3203 1539 3453 1607 quiddam

1899 1619 2131 1688 mysterii
2184 1621 2493 1687 spiritualis,
2551 1625 2690 1690 quod
2741 1625 2805 1677 ad
2859 1626 3195 1683 dilectionem
3250 1630 3344 1684 Dei
3397 1641 3450 1687 et

1899 1709 2122 1776 proximi
2153 1723 2357 1763 summe
2393 1714 2656 1779 respiciat,
2689 1716 2841 1767 inest.
2880 1714 2977 1770 Per
3018 1717 3219 1785 singula
3249 1720 3447 1774 etenim

238 1798 449 1851 aliunde
471 1807 739 1864 mutuatis,
759 1804 1010 1858 habentes
1030 1783 1258 1872 speciem
1284 1783 1512 1872 pietatis,
1544 1809 1790 1865 virturem

1904 1797 2064 1850 latera
2095 1800 2300 1852 annulis
2351 1803 2524 1856 aureis
2565 1804 2923 1858 circumdatur
2949 1807 3146 1874 altare;
3193 1812 3312 1879 quia
3359 1826 3450 1865 cor

239 1889 358 1955 ejus
383 1898 589 1956 negant.
622 1889 822 1954 Quibus
848 1903 971 1960 apte
1003 1895 1244 1960 congruit
1268 1895 1351 1948 illa
1379 1895 1564 1966 ,εδορὶ
1597 1898 1794 1964 fabula,

239 1991 346 2043 qua
371 1976 530 2030 refert
559 1980 824 2034 cornicem
869 1981 1117 2034 involutis
1150 1984 1366 2051 pavonis
1414 1989 1599 2053 pennis
1641 2003 1798 2042 exor-

239 2075 442 2128 natam,
472 2064 665 2120 frustra
695 2068 761 2122 de
788 2082 881 2123 sua
913 2085 1033 2125 esse
1060 2072 1450 2140 pulchritudine
1477 2079 1750 2146 gloriataxu
1777 2119 1792 2143 ,

228 2156 352 2228 ‘imo
385 2158 761 2224 propemodum
797 2161 910 2214 zelo
934 2163 1314 2220 exardescrute
1341 2182 1626 2234 pavonum,
1649 2172 1792 2225 omni

241 2260 538 2312 pennarum
569 2248 779 2313 virtute,
811 2261 862 2304 et
889 2253 998 2318 ipsa
1022 2253 1128 2305 vita
1150 2268 1269 2308 esse
1291 2257 1593 2323 spoliatam.
1628 2259 1800 2314 Vesti-

243 2348 332 2388 tur
359 2338 522 2392 altare
543 2355 669 2391 auro
697 2343 1008 2409 purissimo,
1039 2359 1156 2399 cum
1189 2347 1406 2414 perfecti
1450 2349 1643 2416 quique
1673 2365 1795 2404 vera

244 2426 468 2480 interna:
495 2432 764 2497 sapientiae
810 2433 924 2486 luce
967 2433 1263 2504 refulgent,
1310 2451 1429 2491 cum
1463 2439 1515 2492 in
1555 2440 1799 2494 omnibus

242 2531 364 2581 qua:
393 2531 581 2586 agunt.
615 2522 949 2587 splendorem
999 2526 1270 2581 cbaritatis
1318 2528 1458 2582 velut
1506 2530 1798 2598 quotidiani

243 2607 467 2672 gloriam
502 2609 708 2662 habitus
739 2624 1165 2681 permonstrant,
1213 2632 1331 2671 cum
1363 2622 1671 2674 memoriam
1702 2621 1800 2675 sibi

249 2707 518 2763 perpetua
547 2697 801 2753 claritatis
831 2716 1041 2770 semper
1063 2706 1235 2761 inesse
1257 2709 1460 2762 cunctis
1479 2723 1600 2764 sese
1624 2710 1802 2765 viden-

246 2782 388 2837 tibus
416 2785 528 2839 sive
551 2787 886 2843 audientibus
915 2793 1220 2860 ostendunt,
1246 2811 1368 2849 cum
1391 2813 1448 2851 se
1473 2808 1598 2852 ante
1619 2799 1794 2868 omnia

245 2887 466 2942 regnum
503 2875 594 2930 Dei
629 2890 677 2930 et
726 2879 986 2946 justitiam
1035 2885 1148 2950 ejus
1189 2887 1426 2954 cogitare
1465 2896 1518 2941 et
1561 2902 1801 2957 querere

245 2964 605 3019 manifestam.
637 2967 699 3021 Et
725 2969 858 3024 bene
885 2978 988 3024 tam
1017 2973 1266 3028 craticula
1292 2975 1498 3042 altaris,
1521 2991 1675 3046 quam
1707 2993 1797 3048 pa-

245 3052 406 3107 rietes
452 3064 506 3109 et
549 3071 745 3112 cornua
800 3061 975 3113 vestiri
1029 3077 1160 3116 auro
1207 3061 1478 3132 iubentur.
1528 3063 1794 3121 Craticula

245 3145 438 3213 quippe
467 3145 606 3200 intus
637 3149 688 3201 in
722 3151 893 3204 medio
945 3162 1062 3207 erat
1113 3154 1296 3208 altaris
1344 3156 1408 3208 ad
1457 3158 1792 3225 suscipienda

247 3325 453 3387 rebaat.
486 3343 682 3381 cornua
707 3340 758 3383 et
788 3331 896 3396 ipsa
921 3332 1048 3386 foris
1072 3336 1302 3402 parentia
1330 3339 1550 3405 speciali
1582 3337 1794 3408 fastigio

244 3419 404 3473 altius
453 3409 775 3477 eminebant.
822 3426 1113 3481 Deauratur
1139 3440 1313 3483 autem
1357 3431 1644 3496 craticula,
1673 3447 1790 3486 cum

245 3509 298 3560 in
356 3510 604 3564 interiore
658 3512 868 3566 homine
920 3524 1101 3569 nostro
1155 3531 1248 3581 per
1297 3517 1451 3571 ﬁdem
1495 3520 1795 3587 resplendet

245 3598 441 3651 Christi
470 3605 655 3668 gratia.
691 3603 1019 3657 Deanrantur
1046 3608 1294 3672 parietes,
1323 3623 1440 3661 cum
1472 3610 1654 3662 eadem
1679 3625 1797 3677 gra-

250 3691 322 3743 tia
347 3690 618 3763 dominica
640 3695 939 3749 dilectionis
968 3711 1060 3763 per
1091 3698 1224 3752 bona
1272 3715 1330 3752 se
1361 3701 1590 3755 exterius
1637 3716 1793 3768 opera

245 3780 451 3833 dilatat.
485 3781 807 3836 Deaurautur
833 3795 884 3839 et
913 3801 1106 3841 cornua
1130 3828 1144 3852 ,
1177 3803 1294 3840 cum
1327 3791 1435 3856 ipsa
1468 3791 1651 3844 fiducia
1680 3790 1796 3845 for-

245 3869 484 3924 titudinis
507 3872 785 3940 justnruin,
815 3891 913 3943 qua
936 3877 1267 3933 adversarios
1289 3882 1541 3942 veritatis,
1566 3884 1678 3935 sive
1699 3879 1796 3949 per

247 3960 549 4024 patientiam
597 3961 800 4017 fortiter
849 3963 984 4019 ferre
1009 4005 1024 4029 ,
1059 3981 1151 4019 seu
1183 3981 1276 4034 per
1314 3969 1626 4034 sapientiam
1673 3985 1796 4038 pru-

245 4046 436 4101 denter
464 4049 730 4113 refellere,
778 4053 859 4105 vel
901 4055 1170 4124 corrigere
1211 4056 1531 4122 didicerunt,
1577 4059 1798 4112 internae

247 4135 381 4190 lucis
413 4140 460 4189 in
489 4139 733 4193 omnibus
757 4141 958 4209 fulgore
988 4155 1252 4198 coruscat.
1291 4147 1355 4200 Et
1383 4149 1629 4215 quoniam
1664 4147 1796 4200 tales

241 4226 363 4296 jure
384 4228 560 4283 dicere
593 4241 810 4296 possunt
837 4249 848 4282 :
871 4229 1067 4284 Bonum
1090 4246 1336 4287 certamen
1367 4239 1572 4299 certaoi,
1595 4251 1794 4287 cursum

242 4319 609 4382 consummavi,
655 4320 804 4383 ﬁdem
851 4323 1065 4383 servavi,
1121 4323 1186 4374 de
1223 4323 1413 4390 reliquo
1461 4325 1682 4390 reposita
1723 4330 1796 4374 est

242 4405 374 4457 mihi
397 4420 580 4458 corona
600 4408 818 4475 justitia:
837 4406 918 4476 (ΙΙ
951 4405 1083 4460 Tim.
1116 4411 1209 4474 tv),
1237 4421 1378 4463 recte
1407 4411 1666 4464 subditur.

323 4491 599 4562 Faciesque
626 4491 677 4547 ei
698 4512 931 4549 coronam
970 4500 1228 4551 aureolam
1254 4515 1341 4565 per
1368 4517 1565 4569 gyrum.
1595 4497 1799 4555 corona

250 4585 448 4638 etenim
471 4585 679 4638 aureola
706 4599 793 4648 per
815 4601 998 4658 gyrum
1023 4588 1077 4642 ﬁt
1105 4589 1254 4643 altari
1286 4591 1659 4660 thymiamatis.
1681 4606 1800 4646 cum

253 4677 422 4731 sancti
448 4691 544 4744 pro
581 4676 732 4731 nobis
757 4692 873 4745 quae
897 4693 955 4732 se
985 4680 1154 4747 egisse
1199 4683 1556 4744 meminerint,
1587 4686 1800 4752 praemia

255 4765 626 4837 prastolant-ir
652 4775 866 4818 aeterna.
897 4766 957 4819 Et
989 4767 1121 4822 bene
1161 4782 1254 4835 per
1290 4784 1475 4838 gyrum
1503 4771 1681 4824 altaris
1709 4787 1803 4826 co-

253 4870 383 4910 rona
414 4855 489 4918 ﬁt,
521 4864 576 4909 ut
599 4855 772 4907 omnia
799 4869 914 4923 qua:
937 4855 1126 4917 fecere,
1149 4856 1350 4908 caelesti
1383 4859 1624 4914 mercede
1646 4861 1800 4928 digna

249 4960 370 4998 esse
397 4946 682 5000 doceantur
712 4961 725 4996 :
761 4958 928 5012 neque
959 4943 1152 5011 aliquid
1203 4945 1253 4996 in
1288 4947 1477 4997 talibus
1507 4962 1799 5013 remanere,

255 5033 394 5097 quod
425 5043 540 5100 post
581 5033 965 5086 absolutionem
1007 5034 1202 5096 carnis,
1267 5035 1567 5099 purgatorio
1614 5036 1803 5092 debeat

249 5118 369 5183 igne
403 5119 665 5187 castigari.
697 5120 822 5173 Item
846 5121 1010 5172 altare
1037 5117 1235 5172 incensi
1257 5133 1502 5172 Coronam
1535 5121 1802 5176 babetau-

249 5221 392 5260 ream
426 5221 519 5274 per
540 5223 726 5278 gyrum
757 5209 915 5262 etiam
944 5211 993 5262 in
1027 5211 1104 5262 eis
1131 5209 1240 5277 qui,
1273 5209 1371 5262 etsi
1411 5209 1638 5264 minores
1679 5223 1804 5266 sunt

248 5295 476 5361 ineritls,
521 5309 615 5349 nec
658 5299 828 5365 palam
874 5301 1153 5367 protestari
1197 5299 1408 5359 audent,
1457 5307 1654 5352 certam
1703 5303 1800 5356 sibi

249 5385 373 5440 boni
402 5389 702 5442 certaminis
726 5404 787 5442 ac
814 5400 1034 5441 ssrvata:
1064 5389 1180 5442 lldei
1209 5387 1487 5455 repositam
1517 5403 1634 5442 esse
1664 5406 1798 5444 mer-

259 5473 664 5534 cedem,cuncta
698 5485 871 5526 tamen
896 5488 1011 5539 qua:
1043 5483 1226 5539 agunt.
1249 5473 1541 5527 intentione
1565 5473 1670 5529 Deo
1692 5477 1805 5544 pla—

256 5563 511 5627 cendi,et
537 5577 630 5632 spe
667 5570 829 5630 agunt
875 5562 1230 5631 percipiendae
1261 5562 1502 5630 ejusdem
1559 5581 1799 5636 superna:

256 5655 547 5712 mercedis.
592 5652 852 5721 Sequitur
879 5670 892 5706 :

571 5750 836 5808 Parnm.
883 5747 1034 5807 XCI.

1822 3115 1869 3178 C

245 3237 493 3288 nimirum
523 3239 860 3307 thymiamata
895 3253 1092 3309 parata.
1126 3243 1360 3300 Parietes
1393 3262 1516 3301 vero
1548 3247 1676 3302 foris
1706 3265 1796 3316 pa-
1833 3289 1837 3293 .

1896 1888 2182 1942 electorum
2205 1889 2324 1943 hinc
2353 1902 2402 1944 et
2433 1891 2555 1946 inde
2581 1892 2668 1946 Dei
2696 1909 2756 1948 ac
2781 1897 2998 1963 proximi
3021 1897 3302 1953 dilectione
3320 1914 3448 1953 con-

1900 1975 2152 2029 lirmatur.
2199 1979 2325 2043 Quae
2369 1979 2502 2034 bene
2538 1983 2748 2035 annulis
2792 1995 3144 2052 comparatur,
3179 1988 3296 2055 quia
3322 2002 3446 2042 eva-

1896 2072 2045 2116 cuata
2067 2065 2115 2116 in
2139 2065 2242 2119 line
2263 2067 2555 2134 pr0pbetia,
2572 2069 2834 2125 destructa
2857 2075 3095 2139 scientia,
3117 2077 3446 2132 cessantibus

1899 2150 2109 2218 linguis,
2161 2153 2272 2222 ipsa
2328 2171 2590 2225 nunquam
2643 2160 2885 2214 cessabit.
2941 2163 3050 2218 Duo
3095 2175 3215 2218 sunt
3267 2175 3444 2221 autent

1898 2242 2076 2295 annuli
2109 2258 2201 2311 per
2238 2245 2440 2314 singula
2479 2247 2672 2314 latera;
2709 2251 2832 2320 quia
2875 2264 3152 2325 utrumque
3179 2257 3445 2311 charitatis

1903 2330 2206 2384 mandatum
2260 2335 2469 2402 geruina
2537 2339 2730 2394 virtute
2798 2341 3155 2411 distinguitur.
3213 2345 3445 2399 Charitas

1897 2424 2082 2492 quippe
2119 2425 2213 2500 Dei
2257 2445 2345 2497 per
2387 2431 2722 2485 sinceritatem
2752 2435 2872 2500 ﬁdei
2903 2451 2962 2490 ac
2994 2439 3107 2492 silc
3147 2441 3444 2494 munditiam

1899 2514 2156 2581 perﬁcitur
2201 2515 2384 2583 (Hebr.
2435 2520 2522 2587 ll);
2568 2521 2675 2574 sine
2722 2523 2821 2590 ﬁde
2865 2525 2995 2578 enim
3027 2527 3331 2593 impossibile
3375 2543 3444 2586 est

1902 2604 2096 2670 placere
2121 2604 2246 2670 Deo,
2273 2616 2318 2660 et
2338 2609 2466 2675 fides
2491 2611 2598 2665 sine
2621 2615 2848 2682 operibus
2876 2626 3074 2671 mortua
3095 2629 3164 2672 est
3195 2620 3332 2688 (Jac.
3363 2623 3444 2690 ιι).

1903 2692 2053 2759 Quod
2077 2706 2353 2767 utrumque
2383 2717 2485 2756 uno
2518 2703 2777 2758 versiculo
2807 2707 3056 2775 pr0pbeta
3086 2712 3448 2778 complectitur

1903 2781 2127 2838 dicens:
2156 2783 2335 2840 Justus
2374 2799 2538 2843 autem
2569 2793 2619 2844 in
2649 2793 2750 2857 ﬁde
2786 2810 2883 2846 sua
2919 2797 3035 2849 sivit
3079 2797 3298 2866 (Habac.
3348 2802 3442 2869 tt);

1902 2881 2081 2939 aperte
2125 2872 2394 2929 insinuans
2423 2879 2558 2948 quod
2606 2881 2672 2933 ita
2720 2883 2890 2936 solum
2932 2884 3149 2952 quisque
3178 2887 3241 2940 ad
3282 2889 3442 2943 vitam

1904 2970 2154 3017 venturus
2181 2975 2281 3028 est,
2309 2966 2352 3019 si
2373 2981 2530 3034 opera
2557 2967 2771 3036 justiti:
2801 2986 2919 3026 cum
2946 2974 3049 3029 fide
3077 2977 3307 3034 veritatis
3347 2980 3444 3034 bs-

1905 3050 2094 3118 buerit,
2123 3051 2198 3106 sic
2219 3062 2274 3108 et
2300 3054 2514 3110 dilectio
2543 3055 2769 3113 fraterna
2796 3060 2845 3116 lu
2875 3061 3064 3117 virtute
3085 3066 3294 3133 gemina
3318 3081 3444 3122 con-

1898 3142 2055 3204 sistit,
2080 3142 2344 3211 patieutize
2364 3146 2564 3201 scilicet
2579 3157 2630 3201 et
2649 3148 3001 3220 benignitatis,
3025 3160 3156 3209 tes'e
3171 3155 3442 3221 Apostolo.

1896 3231 2080 3298 quiait
2108 3249 2122 3284 :
2157 3233 2287 3298 Quis
2312 3225 2532 3290 charitas
2567 3239 2760 3304 patiens
2784 3248 2874 3303 est,
2903 3242 3111 3316 benigna
3134 3255 3206 3297 est
3235 3245 3286 3314 (f
3327 3244 3446 3301 Cor.

1897 3320 2028 3391 xui).
2056 3322 2205 3379 Unde
2224 3334 2276 3379 et
2307 3325 2573 3391 Dominus,
2600 3327 2860 3392 Dimittite,
2892 3332 3077 3398 inquit,
3104 3346 3147 3387 σν
3173 3335 3445 3389 dimittetur

1895 3413 2058 3475 vobis;
2086 3415 2216 3477 date,
2247 3425 2293 3466 et
2319 3416 2516 3467 dabitur
2545 3419 2678 3469 vobis
2711 3417 2858 3484 (Luc.
2893 3422 2995 3486 vi);
3026 3422 3266 3477 videlicet
3290 3426 3338 3478 in
3370 3426 3445 3480 di-

1897 3502 2147 3554 mittentlo
2173 3503 2365 3566 debita,
2397 3493 2698 3570 patientiam
2729 3507 2952 3574 docens;
2984 3512 3032 3562 in
3056 3511 3228 3566 dando
3257 3529 3444 3569 neces-

1895 3592 2052 3654 saria,
2100 3594 2318 3661 gratiam
2362 3593 2713 3661 benignitatis.
2748 3597 2802 3651 in
2833 3613 2958 3662 uno,
3007 3610 3061 3653 ut
3087 3603 3439 3669 proximorum

1896 3677 2221 3732 incommoda
2251 3681 2450 3735 fortiter
2492 3681 2718 3738 feramus
2745 3703 2758 3741 :
2788 3687 2838 3740 in
2869 3689 3056 3755 altero,
3093 3698 3148 3743 ut
3171 3694 3444 3746 commoda

1898 3770 2151 3838 proximis
2183 3782 2357 3825 nostra
2384 3775 2672 3841 gaudenter
2700 3776 3006 3832 tribuamus.
3039 3781 3177 3836 Duos
3206 3797 3330 3851 ergo
3351 3799 3446 3837 au-

1898 3861 2049 3913 nulos
2091 3877 2182 3929 per
2210 3861 2410 3932 singula
2451 3866 2612 3920 latera
2655 3867 2810 3922 habet
2839 3871 3023 3934 altare,
3069 3886 3187 3925 cum
3233 3874 3442 3927 biformi

1899 3950 2218 4018 peifectione
2247 3957 2516 4010 cliaritatis
2541 3960 2727 4020 sancti,
2753 3968 2805 4012 et
2835 3960 2886 4012 in
2915 3961 2993 4013 sui
3024 3962 3320 4016 Conditoris
3352 3965 3446 4018 hoc

1899 4053 2101 4100 norem,
2145 4048 2198 4092 et
2241 4041 2292 4094 in
2332 4057 2510 4094 curam
2551 4052 2705 4109 atque
2757 4044 3063 4113 obsequium
3100 4051 3444 4119 accinguntur

1899 4125 2142 4191 proximi.
2184 4128 2377 4195 llisque
2394 4130 2604 4183 annulis
2633 4131 2984 4186 immittuntur
3002 4144 3177 4190 vectes
3198 4138 3444 4200 inaurati,

1898 4223 1954 4267 ut
1999 4216 2164 4268 altare
2204 4227 2477 4285 portetur,
2523 4234 2640 4272 cum
2692 4220 2824 4273 tales
2868 4230 3048 4287 parato
3090 4225 3284 4278 mentis
3326 4226 3444 4281 sinu

1899 4305 2166 4373 excipiunt
2209 4307 2498 4361 clarissima
2551 4311 2955 4377 praecedentium
3001 4313 3139 4367 dicta
3193 4314 3446 4378 Patrum.

1829 4432 1878 4490 Β
1903 4407 1996 4460 per
2015 4409 2130 4464 qua:
2156 4397 2321 4465 magis
2351 4398 2619 4467 magisque
2642 4415 2670 4454 a
2698 4403 2920 4457 terrenis
2949 4404 3186 4469 suspensi
3219 4404 3282 4457 ad
3312 4420 3440 4458 amo

1907 4499 2013 4539 rem
2055 4486 2319 4553 rapiantur
2345 4497 2658 4542 aeternorum
2687 4490 2960 4544 honorum.
3001 4492 3128 4544 Nam
3171 4494 3309 4560 quod
3365 4507 3442 4567 ta-

1907 4575 1980 4629 les
2029 4577 2207 4629 animo
2248 4587 2304 4631 et
2349 4580 2536 4632 merito
2563 4581 2864 4634 caelestibus
2892 4581 3335 4650 appropinquent,
3370 4600 3436 4638 se

1901 4663 2178 4730 quentibus
2205 4681 2412 4734 quoque
2440 4669 2610 4721 verbis
2633 4670 2851 4737 mystice
2873 4669 3195 4737 designatur,
3231 4684 3350 4725 cum
3375 4673 3426 4727 di
3487 4699 3492 4703 ε

1902 4755 2038 4807 citur
2063 4771 2076 4806 :

1975 4841 2237 4911 Ponesque
2260 4843 2416 4896 altare
2435 4855 2607 4898 contra
2629 4849 2810 4916 υρικηι,
2837 4859 2941 4905 etc.
2967 4851 3097 4906 Arca
3123 4868 3366 4924 namque.
3394 4864 3450 4910 ut

1902 4945 2000 4986 suo
2041 4933 2156 4986 loco
2198 4937 2492 4998 expositum
2531 4947 2633 5000 est,
2669 4939 2941 4994 Dominum
2985 4942 3306 4999 Salvatorem
3361 4945 3451 4998 de-

1904 5030 2180 5086 monstrat,
2221 5023 2391 5076 velum
2419 5026 2558 5092 quod
2599 5039 2720 5082 ante
2756 5045 2931 5086 arcam
2961 5034 3236 5100 pendebat.
3280 5034 3448 5100 ipsum

1903 5115 2097 5167 coelum
2145 5111 2406 5174 designat,
2450 5115 2599 5181 cujus
2643 5119 2781 5171 edita
2815 5122 3059 5174 Dominus
3105 5123 3237 5174 victa
3283 5132 3452 5175 morte

1904 5205 2228 5274 penetravit;
2275 5212 2353 5266 ut,
2397 5207 2534 5260 sicut
2571 5209 2849 5273 Apostolus
2887 5211 2978 5272 ait,
3028 5210 3281 5277 Apparcat
3318 5225 3452 5264 nunc

1904 5299 2067 5351 vultui
2098 5298 2189 5350 Dei
2214 5313 2304 5366 pro
2326 5299 2468 5351 nobis
2502 5297 2684 5367 (Hebr.
2713 5298 2806 5365 ts).
2839 5298 3052 5365 Statque
3081 5299 3245 5351 altare
3267 5309 3449 5353 contra

1905 5390 2097 5450 velum,
2140 5387 2276 5453 quod
2291 5398 2426 5463 ante
2467 5402 2639 5440 arcam
2672 5401 2954 5454 appensum
2986 5394 3086 5448 est,
3119 5399 3234 5438 cum
3274 5388 3449 5441 omnis

1910 5467 2414 5542 ititcntiojustoi'um
2441 5473 2505 5525 ad
2527 5472 2824 5542 ingressum
2849 5469 3049 5523 directa
3067 5470 3309 5538 estregni
3329 5486 3440 5524 cat-

1906 5562 2072 5614 lestis.
2092 5560 2208 5613 Stat
2226 5541 2406 5614 coram
2425 5541 2810 5631 propitiatorio,
2825 5561 2928 5630 qiro
2943 5560 3294 5629 tegiturarca,
3314 5576 3436 5616 cum

1902 5653 2093 5709 visioni
2113 5653 2192 5707 sui
2225 5653 2529 5708 Conditoris
2546 5658 2777 5725 puritate
2798 5655 2989 5708 mentis
3012 5654 3350 5724 appropiant.
3385 5663 3438 5708 et

2939 5746 3008 5804 16
