3898 6260
479 373 577 430 891

966 361 1160 420 [il-335
1201 360 1649 418 ‘v'f-INERABILIS
1685 359 1958 416 OPERCM
2000 358 2170 413 PARS
2209 361 2360 415 ll.—
2391 361 2768 448 EXECBTICA
2809 361 3118 418 (ΖΕΜΠΝᾹ.

3575 360 3677 414 492

476 487 638 540 elau5t
667 498 713 552 q'
738 481 948 536 amlil~et
991 491 1208 546 corpore
1250 476 1703 532 conversationem
1735 471 1927 526 habent
1967 471 2016 523 in
2047 473 2090 529 Α
2123 475 2172 526 in
2197 474 2382 526 eodem
2431 488 2488 528 se
2544 471 2720 543 vigore
2771 473 3081 541 devotionis,
3134 485 3286 540 quem
3341 473 3393 523 in
3437 474 3678 524 oratione

476 576 797 630 Nelestibus.

1067 659 1285 713 CAPUT
1318 657 1427 710 XII.

706 749 778 803 De
807 749 1128 818 thymiantate
1157 749 1400 801 adolenda
1434 763 1579 814 super
1606 743 1774 797 altari.

552 837 614 892 Et
642 838 853 891 adolebit
898 839 1146 889 incensum
1175 852 1321 904 super
1348 851 1404 889 co
1444 837 1604 886 Aaron
1623 873 1635 895 ,
1663 844 1766 888 etc.
1805 833 2022 886 Constat

483 929 748 982 lnccnsum
794 927 905 979 sive
947 925 1226 993 thymiama
1276 925 1378 975 vim
1410 925 1659 976 orationis
1701 921 2018 988 expriaere,

483 1017 689 1073 dicente
719 1017 988 1071 Psalmista
1020 1031 1031 1064 :
1063 1013 1316 1081 Dirigatur
1344 1013 1502 1065 oratio
1527 1029 1652 1073 mea,
1685 1013 1809 1064 sicut
1847 1010 2021 1062 inceu~

438 1171 444 1176 δ
481 1126 593 1162 sum
633 1110 684 1161 in
725 1117 988 1174 conspectu
1017 1117 1099 1156 tuo
1127 1103 1296 1168 (l’sal.
1321 1103 1459 1170 cn).
1507 1102 1572 1155 Et
1615 1103 1666 1155 itt
1713 1096 2022 1167 Apoca'ypsi

475 1198 718 1261 Joannis,
747 1196 940 1250 habere
978 1194 1102 1246 vidit
1131 1202 1338 1246 sanctos
1379 1193 1578 1258 phialas
1616 1205 1802 1243 aureas
1847 1189 2024 1255 plenas

481 1289 960 1344 odo'ramentorum.
1008 1287 1154 1351 Quod
1208 1286 1479 1338 confestim
1537 1283 1852 1350 exponendo
1903 1281 2027 1332 sub-

481 1378 646 1449 iunxit
678 1395 693 1434 ζ
727 1379 850 1442 Qutz
891 1386 1006 1430 sunt
1044 1377 1288 1428 orationes
1311 1383 1592 1426 sanctorum
1633 1373 1811 1438 (Apoc.
1854 1370 1928 1428 v).
1966 1369 2028 1422 Et

484 1469 728 1537 quoniam
758 1471 948 1530 Aaron,
977 1473 1032 1519 ut
1057 1478 1212 1531 supra
1245 1463 1437 1515 dictum
1481 1471 1581 1527 est,
1616 1470 1666 1512 et
1713 1460 1880 1526 ipsum
1913 1473 2026 1524 ερε-

488 1558 688 1610 cialiter
737 1567 995 1608 summum
1053 1550 1405 1609 sacerdotem,
1459 1548 1697 1602 videlicet
1751 1546 2026 1600 Dominum

485 1645 830 1704 Salvatorem,
861 1650 914 1695 et
940 1641 1100 1694 nostri
1131 1653 1336 1708 quoque
1375 1638 1570 1690 ordinis
1603 1637 1901 1691 sacerdotes
1927 1635 2029 1689 de-

483 1734 685 1804 signat;
715 1730 940 1786 adolebit
972 1732 1143 1784 Aaron
1175 1731 1225 1784 in
1257 1730 1356 1784 hoc
1385 1729 1534 1782 altari
1566 1729 1836 1782 incensum
1867 1742 2027 1779 suave

2125 562 2375 629 suscepit,
2439 563 2598 614 ctiam
2669 561 2811 613 finita
2883 563 3117 613 oratione
3177 558 3477 620 cus'od'at;
3527 556 3677 626 just:

2123 652 2422 718 exemplum
2451 653 2636 711 Anum.
2667 650 2733 705 de
2759 667 2856 719 qua
2883 661 3066 706 orante
3118 649 3314 704 dictum
3345 657 3431 703 est
3475 665 3489 700 :
3548 647 3678 700 Val-

2127 751 2300 806 :usquc
2321 743 2428 810 ejus
2459 758 2554 792 non
2609 751 2725 794 sunt
2777 742 2990 810 antplius
3042 741 3090 792 in
3141 739 3337 792 diuersa
3393 738 3573 790 mutati
3626 735 3676 804 (1

2128 828 2252 899 Reg.
2287 830 2344 897 I).

2200 920 2316 974 Non
2347 919 2565 986 o/Ieretts
2593 933 2740 984 super
2767 935 2823 971 eo
2851 917 3122 988 thymiama
3151 918 3528 986 compositionis
3557 920 3678 970 afte-

2126 1011 2250 1062 rius.
2279 1009 2331 1062 In
2365 1009 2703 1074 sequentibus
2731 1007 2886 1076 hujus
2914 1007 3212 1068 voluminis,
3243 1023 3274 1060 e
3317 1005 3514 1076 quibus
3565 1023 3682 1059 aro-

2127 1100 2356 1152 matibus
2382 1099 2478 1152 hoc
2509 1101 2793 1170 thymiama
2816 1098 3059 1166 componi
3089 1099 3350 1161 debuerit,
3377 1096 3683 1152 nominatim

2129 1190 2432 1259 designatur
2465 1209 2476 1242 :
2517 1202 2684 1245 stacte
2713 1191 2960 1243 videlicet
2985 1198 3038 1241 et
3063 1188 3286 1257 onycha.
3319 1188 3542 1253 galbano
3565 1185 3682 1239 boni

2130 1279 2311 1333 odoris
2339 1291 2392 1334 et
2421 1282 2572 1334 thure
2624 1280 2969 1340 lucidissimo,
3001 1294 3116 1346 qua
3145 1286 3330 1330 cuncta
3380 1275 3444 1328 ad
3489 1276 3680 1345 signati.

2131 1371 2387 1423 cationem
2417 1381 2728 1425 eternorum
2773 1372 3047 1435 honorum,
3079 1382 3194 1435 qua:
3249 1364 3605 1434 principaliter
3656 1379 3684 1414 a

2134 1458 2357 1513 Domino
2383 1459 2667 1528 qumrenda
2698 1467 2840 1520 sunt,
2873 1467 3083 1511 constat
3124 1458 3412 1524 pertinere.
3469 1454 3583 1508 Non
3609 1462 3688 1506 est

2131 1561 2258 1617 ergo
2286 1545 2612 1601 oﬂerendum
2636 1561 2798 1613 super
2823 1545 2978 1600 altari
3017 1559 3176 1598 aureo
3203 1545 3492 1613 thymiama
3542 1556 3688 1596 eom-

2134 1637 2410 1705 positionis
2440 1635 2677 1699 alterius,
2707 1649 2863 1702 quam
2887 1635 3026 1702 quod
3053 1631 3305 1686 Dominus
3326 1633 3538 1694 statuit;
3570 1634 3687 1698 quia

2133 1743 2239 1781 non
2265 1728 2403 1782 aliud
2429 1741 2459 1780 a
2486 1726 2708 1780 Domino
2730 1739 2966 1793 qumrere
2994 1733 3207 1778 orantes
3228 1737 3382 1791 quam
3411 1720 3552 1789 quod
3583 1720 3692 1786 ipse

484 1822 717 1890 fragrans
748 1835 922 1884 tuane,
945 1835 1062 1874 cum
1088 1819 1171 1873 vel
1202 1819 1456 1872 Dominus
1487 1818 1598 1886 ipse
1626 1818 1880 1870 illnstrata
1907 1815 2031 1870 fide.
2068 1809 2112 1868 Β
2134 1819 2310 1885 jussit,
2340 1834 2423 1886 qut
2447 1819 2584 1885 dque
2605 1829 2662 1870 se
2684 1816 2924 1870 daturum
2967 1814 3237 1882 promisit;
3285 1828 3389 1866 non
3444 1811 3586 1866 aliud
3630 1809 3692 1862 de

486 1911 608 1964 lium
654 1910 831 1975 corda,
862 1924 997 1964 novo
1024 1910 1204 1978 gratia:
1247 1923 1353 1960 sua:
1374 1907 1558 1975 jnbare
1587 1907 1649 1960 ad
1700 1906 2032 1961 dulcedinem

484 2000 737 2054 orationis
768 1998 999 2069 instigat,
1045 1997 1125 2050 vel
1157 1997 1434 2066 participes
1465 1994 1742 2050 sacerdotii
1777 1996 1918 2051 illius
1956 2010 2034 2050 se-

2139 1907 2228 1959 illo
2259 1907 2496 1969 credere,
2529 1920 2682 1973 quam
2713 1905 2848 1975 quod
2879 1905 2992 1974 ipse
3017 1904 3213 1968 docuit,
3246 1902 3523 1958 debemus.

2208 1995 2329 2050 Non
2349 2006 2419 2050 est
2449 1997 2704 2062 oﬂ'erenda
2723 2013 2872 2064 super
2892 2013 2949 2049 eo
2977 1997 3198 2061 uict'ma,
3221 2004 3324 2048 etc.
3349 1994 3475 2049 Haec
3504 1993 3693 2048 etenim

485 2091 604 2143 dnla
632 2090 994 2144 exhortatione
1025 2087 1206 2141 ﬁdeles
1233 2089 1297 2140 ad
1328 2086 1710 2154 deprecandam
1741 2085 1922 2140 faciem
1954 2083 2096 2138 sui”
2137 2091 2310 2141 omnia
2341 2088 2406 2144 ad
2433 2089 2598 2142 altare
2621 2087 2858 2142 ex‘erius
2887 2087 3172 2156 pertinent,
3193 2085 3693 2154 queincipientinm

489 2178 792 2233 Conditoris
813 2177 1067 2232 excitant.
1101 2174 1336 2230 Incendit
1365 2186 1538 2227 autem
1566 2176 1846 2246 thymiama
1870 2190 2039 2230 sacer-

487 2268 584 2322 dos
619 2281 720 2320 non
762 2267 930 2320 solum
965 2279 1132 2330 mane,
1167 2264 1257 2319 sed
1298 2275 1351 2320 ct
1381 2279 1616 2330 vespere.
1656 2265 1804 2318 Mane
1844 2266 2036 2318 etenim

491 2356 771 2425 thymiama
821 2354 1136 2420 incenditur,
1179 2363 1236 2408 nt
1276 2354 1325 2408 in
1375 2355 1630 2423 principio
1676 2355 1847 2408 omnis
1896 2336 2042 2417 boni,

436 2515 439 2519 Ι
490 2448 627 2515 quod
674 2446 958 2515 inspirante
1000 2445 1107 2500 Deo
1135 2445 1304 2500 facere
1334 2445 1678 2512 disponimus,
1711 2445 1850 2498 illius
1891 2445 2040 2497 ausi-

490 2538 639 2602 lium,
682 2551 786 2605 qno
833 2536 1185 2602 perﬁciamus,
1248 2536 1575 2590 invocemus.
1635 2534 1712 2588 Ad
1767 2530 2040 2602 vesperum

492 2643 639 2691 vero,
666 2637 722 2680 ut
743 2641 862 2678 cum
887 2626 1021 2678 bene
1040 2633 1210 2692 empta
1239 2623 1586 2692 complcmus,
1615 2622 1738 2675 illia
1763 2636 1866 2688 quo
1894 2635 2044 2675 acce-

493 2719 685 2784 pimus,
711 2729 803 2782 pro
825 2713 903 2767 his
923 2728 1039 2782 quae
1061 2714 1273 2767 donavit
1296 2713 1580 2782 gratiarum
1600 2721 1717 2766 vota
1741 2711 2039 2764 reddamus.

500 2806 589 2862 Vel
604 2816 768 2871 certe,
795 2806 912 2876 quia
932 2820 1086 2860 mane
1107 2815 1158 2859 et
1179 2815 1296 2859 orto
1316 2805 1450 2871 sole,
1465 2804 1606 2858 clare
1631 2804 1806 2857 omnia
1820 2803 2042 2856 circum-

495 2909 700 2964 quaque
717 2894 986 2958 videmus;
1018 2909 1235 2962 vespere
1261 2903 1432 2948 autem
1447 2891 2045 2962 soperveniente,dubio

497 2986 614 3038 visu
631 2983 934 3053 caligamus.
973 2983 1196 3053 Ideoque
1215 2985 1406 3038 lumine
1428 2983 1678 3044 lucernas,
1696 2993 1750 3035 ut
1773 2981 2044 3034 videamus

407 3095 411 3100 -
503 3087 620 3143 qum
647 3073 906 3140 volumus,
930 3075 1243 3144 indigemus.
1270 3074 1358 3127 Illa
1381 3071 1746 3142 Redemptoris
1768 3067 1933 3124 nostri
1962 3083 2044 3122 sa-

502 3130 789 3222 cramenta,
825 3130 934 3216 sive
963 3130 1122 3224 (licia,
1155 3175 1270 3229 qua:
1310 3160 1502 3228 liquido
1527 3130 1686 3214 etiam
1711 3159 1860 3228 juxta
1897 3156 2040 3210 ordi-
2075 3130 2120 3192 Ο

500 3268 617 3307 nem
649 3253 888 3306 humana:
917 3253 1132 3306 rationis
1165 3266 1260 3320 pro
1290 3251 1502 3306 modulo
1529 3261 1708 3306 nostro
1734 3252 2048 3320 dignoscere

501 3345 810 3407 sufﬁcimus,
837 3346 939 3413 iam
981 3344 1130 3414 quasi
1159 3343 1209 3398 in
1237 3344 1322 3398 die
1351 3343 1722 3414 conspicimus.
1752 3344 1804 3397 In
1833 3345 2050 3413 quihus-

497 3450 704 3504 cunqne
746 3446 918 3490 autem
967 3437 1099 3491 ratio
1131 3437 1352 3490 humana
1381 3436 1580 3497 deﬁcit,
1615 3435 1707 3489 scd
1750 3433 1863 3486 sola
1896 3431 2050 3487 nobis

502 3525 783 3580 auctoritas
807 3526 1087 3595 Scriptum
1108 3526 1371 3594 sequenda
1396 3536 1496 3591 est,
1522 3525 1631 3578 illic
1647 3525 1788 3578 velut
1816 3525 1868 3576 in
1893 3532 2049 3577 nocte

504 3615 684 3668 oculus
727 3615 887 3667 nostri
917 3616 1217 3668 intellectus
1259 3617 1465 3681 caligat.
1497 3613 1599 3667 Sed
1649 3612 1860 3666 lucerna
1907 3611 2049 3665 verbi

506 3703 597 3756 Dei
626 3703 784 3771 pedes
829 3711 1057 3765 nostros,
1092 3716 1156 3755 ne
1206 3705 1344 3754 forte
1377 3701 1665 3766 oﬂ'endant,
1712 3710 1868 3768 atque
1898 3715 1926 3751 a
1973 3700 2054 3751 via

507 3791 741 3847 veritatis
771 3793 1086 3855 exorbitent,
1116 3791 1346 3858 adjuvat.
1380 3791 1514 3844 Hinc
1557 3792 1751 3844 etenim
1779 3790 1963 3845 Petrus
1993 3793 2058 3846 de

507 3889 835 3934 sacramento
859 3880 1134 3933 dominicae
1167 3879 1283 3933 ﬁdei
1317 3879 1535 3946 loquens
1569 3880 1640 3931 ait
1672 3896 1683 3929 :
1717 3878 1780 3930 Et
1822 3880 2084 3931 habemur

510 3973 778 4039 ﬁrmiorem
815 3969 1157 4038 propheticum
1187 3984 1482 4032 sermonem,
1520 3967 1601 4019 cui
1628 3968 1746 4020 bene
1784 3969 1945 4030 facitis
1983 3968 2061 4020 in-

513 4066 783 4127 undantes,
830 4062 975 4129 quasi
1011 4059 1230 4113 lucerna
1275 4059 1459 4110 lucenti
1507 4058 1561 4110 in
1607 4057 1881 4127 caliginoso
1931 4057 2057 4124 loco,

517 4151 672 4203 donec
708 4151 811 4200 dies
854 4149 1108 4209 lucescat,
1164 4157 1207 4199 et
1258 4147 1435 4215 lucifer
1485 4147 1678 4208 oriatur
1726 4147 1777 4199 in
1833 4148 2063 4200 cordibus

511 4237 682 4304 sederis
704 4235 785 4302 (Η
823 4235 956 4287 Petr.
987 4234 1047 4304 t).
1080 4235 1217 4288 Bene
1245 4249 1370 4303 ergo
1400 4234 1586 4288 dicitur
1611 4253 1626 4289 ε
1654 4233 1718 4288 Et
1744 4236 1960 4288 adolebt‘t
1985 4237 2063 4288 in-

515 4340 715 4379 censum
751 4339 900 4390 super
927 4339 982 4375 eo
1013 4326 1178 4374 Aaron
1217 4339 1368 4377 suane
1409 4325 1658 4393 fragrans,
1691 4329 1836 4378 mane
1861 4327 2063 4394 quando

2138 2186 2192 2232 et
2237 2181 2286 2232 in
2339 2180 2574 2248 prolecm
2628 2177 2801 2232 adhuc
2843 2161 3134 2244 positorum
3187 2177 3348 2229 vitant
3399 2175 3694 2242 designant.

2140 2269 2323 2322 Tantae
2375 2282 2604 2337 namque
2650 2267 2995 2336 sublimitatis
3060 2266 3411 2331 perfecturum
3470 2275 3552 2317 est
3599 2263 3693 2315 vita

2137 2357 2425 2424 iustorum,
2449 2365 2507 2410 ut
2535 2356 2604 2407 nil
2632 2356 2684 2408 in
2709 2369 2770 2408 ea
2796 2354 3027 2418 carnale,
3059 2353 3196 2422 quod
3227 2352 3448 2406 Domino
3474 2365 3699 2406 mactare

2144 2445 2396 2508 habeant,
2441 2444 2618 2497 valeat
2647 2442 2892 2496 inveniri.
2927 2441 2988 2496 Et
3035 2442 3247 2511 quidem
3301 2441 3552 2495 libamina
3600 2441 3697 2494 vini

2142 2540 2372 2599 constat,
2402 2545 2774 2598 nonnunquam
2807 2545 3050 2600 magnam
3081 2531 3266 2601 gratiae
3294 2529 3584 2596 spiritualis
3612 2531 3702 2585 de-

2145 2623 2354 2692 signare
2401 2624 2671 2686 virtutem,
2714 2622 2812 2678 hoc
2835 2631 2935 2686 est,
2977 2622 3089 2676 sive
3139 2623 3382 2690 poculum
3430 2621 3700 2684 doctrina,

2144 2727 2237 2768 seu
2261 2714 2476 2768 calicem
2510 2713 2788 2782 passionis,
2815 2714 2929 2767 sive
2953 2710 3216 2768 fervorem
3270 2713 3550 2782 praecipuae
3574 2712 3702 2767 dile-

2143 2804 2357 2869 ctionis,
2382 2806 2497 2861 sive
2523 2805 2688 2875 ipsam
2715 2802 2944 2875 Spiritus
2980 2806 3148 2860 sancti
3175 2806 3592 2875 perceptionem,
3621 2813 3706 2858 aut

2145 2893 2342 2959 aliquid
2410 2895 2731 2965 hujusmodi.
2807 2897 3001 2951 Verum
3073 2897 3492 2965 quotiescunque
3533 2895 3703 2948 viuum

2147 2982 2458 3038 libaminum
2484 2999 2604 3039 cum
2632 2985 2882 3040 carnibus
2908 2983 3126 3041 oﬁ‘ertur
3175 2983 3494 3051 hostiarum,
3531 2999 3704 3039 eorum

2148 3072 2388 3139 profecto
2423 3073 2578 3141 juxta
2623 3075 2998 3144 tropologicam
3044 3076 3430 3145 expositionem
3477 3077 3708 3145 designat

2148 3161 2574 3226 sanctimoniam,
2601 3165 2690 3233 qui
2720 3165 2895 3219 adhuc
2935 3165 3129 3234 aliquid
3154 3166 3221 3221 de
3262 3166 3565 3220 carnalibus
3589 3180 3706 3219 con-

2148 3253 2508 3322 cupiscentiis,
2558 3255 2697 3324 quod
2752 3257 2966 3324 puritati
3016 3257 3233 3322 spiritus
3271 3255 3617 3321 adversetur,
3657 3264 3706 3307 et

2150 3344 2288 3410 quod
2320 3344 2438 3414 igne
2461 3345 2629 3397 sancti
2678 3345 2906 3412 Spiritus
2928 3345 2980 3398 in
3030 3359 3120 3398 ara
3161 3345 3337 3399 cordis
3365 3344 3576 3399 incendi
3623 3345 3708 3399 de.

2152 3431 2289 3495 beat,
2323 3434 2534 3488 habent.
2589 3433 2812 3488 Perfecti
2857 3444 3027 3489 autem
3076 3433 3229 3502 justi,
3272 3436 3358 3502 qui
3391 3435 3570 3488 dicere
3597 3448 3709 3501 pos-

2153 3533 2273 3574 sunt
2303 3541 2315 3574 :
2351 3521 2547 3591 Defecit
2576 3540 2663 3576 cor
2687 3540 2876 3587 meum,
2925 3534 2972 3578 et
3000 3539 3120 3575 caro
3165 3540 3297 3587 mea,
3358 3523 3499 3577 Deus
3553 3525 3709 3576 cordis

2153 3613 2270 3674 mei,
2294 3622 2341 3665 et
2367 3628 2485 3680 pars
2508 3611 2785 3666 utea‘Deus
2812 3614 2863 3666 in
2913 3612 3133 3676 sucula;
3185 3612 3336 3679 quasi
3381 3614 3709 3666 cessantibus

2157 3700 2481 3754 victimarum
2532 3702 2885 3766 libaminibus,
2939 3718 3057 3772 quae
3085 3704 3150 3756 ad
3204 3716 3411 3757 tluteum
3435 3705 3602 3757 altare
3627 3719 3712 3756 ex-

2158 3790 2323 3844 terius
2361 3793 2588 3857 positum
2620 3795 2910 3860 pertinent,
2934 3793 3044 3846 sola
3100 3791 3240 3845 intus
3284 3791 3336 3844 in
3363 3807 3525 3844 aureo
3569 3793 3710 3843 altari

2159 3889 2390 3931 aromata
2420 3880 2641 3934 Domino
2668 3881 2916 3934 desiderii
2948 3880 3184 3934 caelestis
3210 3879 3472 3941 olferuut;
3505 3879 3626 3946 quia
3652 3877 3714 3930 de

2163 3967 2478 4020 remissione
2507 3979 2839 4035 peccatonun
2887 3970 2996 4036 jam
3024 3969 3326 4022 securiores
3375 3968 3572 4034 eﬁ'ecti,
3623 3983 3716 4037 pro

2163 4057 2676 4129 dilatojsolnmmodo
2699 4059 2844 4129 regni
2879 4058 3125 4126 perennis
3148 4058 3362 4111 introitu
3381 4058 3582 4128 lugent,
3609 4060 3716 4113 dul-

2163 4149 2420 4218 cibusque
2472 4150 2819 4219 lacrymarum
2890 4149 3098 4202 ﬂuentis
3148 4158 3372 4203 stratum
3427 4165 3579 4202 suum
3631 4165 3717 4217 per

2163 4241 2395 4308 singulas
2420 4249 2598 4293 noctes
2622 4239 2859 4306 irrigant.
2892 4240 2961 4292 De
2986 4253 3088 4307 quo
3111 4238 3354 4293 videlicet
3372 4239 3528 4292 altari
3553 4237 3715 4292 adhuc

2163 4331 2299 4386 bene
2327 4330 2567 4384 subditur
2601 4346 2613 4383 :

517 4425 778 4482 companet
821 4421 1069 4477 lucernas,
1102 4415 1327 4468 incendat
1357 4390 1507 4479 illud,
1547 4425 1592 4468 et
1620 4417 1818 4484 quando
1846 4390 2062 4468 collocat
2094 4451 2144 4511 υ
2235 4418 2300 4470 Et
2328 4419 2674 4486 deprecabitur
2710 4420 2878 4470 Aaron
2902 4434 3054 4482 super
3073 4434 3260 4472 cornua
3287 4423 3420 4486 eius,
3447 4390 3549 4473 cie.
3581 4419 3720 4474 Suav-

518 4525 603 4562 eas
623 4509 689 4561 ad
718 4521 989 4572 vesperum.
1025 4504 1174 4558 Mane
1195 4506 1385 4559 etenim
1419 4506 1590 4558 Aaron
1615 4507 1882 4559 incensum
1907 4521 2065 4575 super

522 4599 669 4651 altari
692 4599 884 4659 adolet,
908 4611 1026 4648 cum
1054 4595 1303 4649 Dominus
1330 4597 1487 4650 corda
1519 4598 1746 4651 ﬁdelium
1772 4598 1823 4651 in
1851 4598 1929 4650 his
1952 4613 2067 4666 qnte

520 4690 627 4755 jam
657 4688 943 4755 intelligere
991 4687 1162 4740 valent
1208 4688 1413 4742 arcanis
1456 4689 1710 4754 veritatis,
1755 4689 1818 4743 ad
1849 4692 2066 4759 gratiam

527 4776 941 4842 compunctionis
972 4775 1274 4831 inflammat.
1312 4776 1552 4831 Incendcl
1582 4781 1710 4831 illud
1730 4789 1773 4832 et
1804 4781 1868 4832 ad
1901 4793 2070 4846 uespe-

525 4880 659 4929 rum,
681 4866 880 4934 quando
909 4867 1119 4920 collocat
1151 4867 1398 4935 lucernas,
1429 4885 1547 4923 cum
1571 4872 1728 4923 etiam
1754 4885 1818 4923 ex
1845 4872 1924 4924 eis
1949 4881 2071 4936 qum

530 4955 748 5010 necdum
789 4970 978 5024 capere
1033 4969 1250 5025 queunt,
1317 4961 1557 5028 quoniam
1612 4969 1666 5013 et
1707 4960 1818 5014 haec
1867 4967 2070 5022 sancta,

529 5055 778 5118 quantum
806 5046 979 5101 divina
1010 5061 1127 5102 esse
1149 5063 1251 5100 non
1293 5052 1582 5119 ambigunt,
1613 5051 1676 5102 ad
1705 5065 1939 5104 amorem
1985 5064 2078 5126 eos

530 5141 843 5206 caelestium,
896 5137 983 5193 ubi
1029 5139 1201 5191 omnia
1245 5148 1444 5192 secreta
1485 5141 1759 5207 pateﬁunt,
1806 5133 2074 5193 informat.

534 5229 847 5300 i'ragratque
867 5245 1016 5283 suave
1031 5228 1325 5297 thymiama,
1351 5242 1466 5280 cum
1483 5231 1649 5282 subita
1677 5228 2079 5297 compunctione

533 5319 782 5374 divinitus
827 5321 949 5373 tacti
997 5319 1242 5388 lacrymis
1277 5317 1446 5370 solum
1498 5333 1559 5372 ac
1610 5319 1854 5388 precibus
1894 5332 2082 5373 vacare

535 5408 688 5462 dulce
712 5407 916 5460 habent.
953 5409 1090 5462 Bene
1118 5415 1291 5460 autem
1323 5407 1562 5474 sequitur
1593 5422 1608 5460 :
1663 5476 1682 5482 Α

610 5498 731 5552 Uret
774 5498 1042 5565 thymiama
1084 5500 1440 5564 sempiternum
1484 5480 1942 5562 corandibomtno,
1977 5509 2076 5552 etc.

539 5587 668 5652 Quia
700 5588 943 5641 nimirum
968 5601 1182 5641 necesse
1209 5597 1310 5650 est,
1337 5598 1392 5641 ut
1419 5588 1622 5641 animus
1649 5599 1764 5656 post
1793 5590 2080 5644 orati0netn

478 5675 597 5747 vel
625 5680 778 5731 lletus
802 5675 867 5728 ad
895 5675 1058 5730 otiosa
1089 5676 1244 5730 verba
1272 5679 1383 5756 sive
1413 5677 1545 5730 facta
1576 5694 1677 5733 non
1709 5679 1956 5742 divertat.
1990 5682 2080 5734 sed

2175 4525 2290 4561 mus
2317 4523 2543 4576 namque
2570 4509 2819 4562 sacerdos
2859 4518 3042 4562 unster
3069 4509 3235 4561 semel
3275 4509 3328 4562 in
3359 4523 3501 4563 anno
3539 4510 3718 4562 obtulit

2170 4599 2476 4662 sanguinem
2511 4612 2662 4648 suum
2708 4612 2802 4663 pro
2835 4608 3048 4663 peccato
3087 4596 3246 4650 totius
3297 4599 3500 4651 mundi.
3549 4600 3603 4652 In
3638 4599 3718 4651 illo

2171 4685 2413 4739 videlicet
2443 4698 2602 4748 anno,
2649 4686 2716 4737 de
2746 4701 2850 4751 quo
2876 4687 3004 4738 dicit
3046 4687 3157 4754 ipse
3185 4702 3277 4754 per
3311 4689 3517 4742 Esaiam
3551 4707 3564 4740 :
3600 4689 3718 4755 Quis

2169 4777 2354 4829 venerit
2381 4773 2658 4842 prmdicare
2682 4791 2872 4827 annum
2906 4773 3106 4829 Domini
3125 4791 3385 4844 accepturu
3412 4777 3562 4847 (Esa.
3587 4783 3716 4841 ut):

2177 4865 2276 4918 hoc
2299 4873 2400 4928 est,
2432 4865 2482 4916 in
2513 4875 2620 4918 toto
2645 4865 2743 4919 hoc
2773 4875 3026 4936 tempore,
3057 4883 3162 4937 quo
3193 4870 3482 4922 Ecclesiam
3510 4869 3614 4920 sibi
3639 4881 3718 4920 co-

2178 4955 2359 5023 pulare
2383 4954 2628 5024 dignatus
2653 4967 2755 5010 est.
2792 4958 2968 5012 Semel
2993 4961 3154 5012 etiam
3196 4959 3479 5026 unicuique
3506 4959 3716 5012 creden-

2178 5049 2303 5101 tium
2336 5048 2601 5102 lavacrum
2623 5051 2759 5105 sacri
2787 5052 2966 5113 fontis,
2995 5051 3047 5104 in
3075 5053 3383 5120 mysterium
3417 5051 3496 5104 sui
3522 5050 3715 5120 sangui—

2178 5136 2279 5199 nis,
2325 5141 2387 5190 ad
2440 5138 2692 5192 solvenda
2748 5149 3083 5204 peccatorum
3130 5140 3337 5192 vincula
3391 5139 3626 5198 donavit.
3676 5149 3719 5188 ct

2179 5228 2394 5292 pulchra
2422 5228 2728 5282 omnimodo
2757 5227 3040 5295 ﬁgurarum
3080 5227 3352 5282 distantia.
3403 5227 3583 5282 Semel
3620 5227 3717 5294 qni-

2178 5317 2295 5370 dem
2353 5335 2445 5386 per
2499 5335 2693 5373 annum
2752 5318 2982 5388 pontifex
3032 5321 3084 5372 in
3131 5319 3390 5386 sanguine
3452 5315 3718 5372 oblationis

2179 5426 2340 5482 super
2365 5429 2560 5468 cornua
2600 5415 2778 5469 altaris
2805 5411 3100 5481 deprecari,
3133 5411 3371 5480 quotidie
3406 5423 3585 5465 autem
3618 5410 3716 5477 thy=

2185 5505 2377 5554 mianta
2409 5519 2569 5559 suave
2616 5505 2854 5573 fragrans
2883 5517 3041 5570 super
3064 5495 3133 5555 eo
3173 5499 3462 5555 incendere
3492 5498 3716 5569 pracipi-

2181 5599 2295 5656 tnr;
2342 5593 2460 5660 quia
2509 5594 2758 5648 Dominus
2796 5600 2849 5646 et
2884 5590 3362 5654 Salvator-noster,
3386 5590 3478 5658 qui
3505 5585 3719 5657 quotidie

2185 5685 2367 5739 ﬁdeles
2398 5699 2520 5738 suos
2545 5684 2712 5754 gratia
2743 5684 2968 5738 interna:
2990 5681 3416 5744 compunctionis
3446 5678 3719 5735 accendens
