3898 6260
191 336 297 391 ωδ

980 337 1065 393 [δι-ξ
1103 333 1601 394 τκθεῐιΝΑουιο
1640 332 1726 388 ET
1770 329 1959 387 VASIS
1997 330 2179 389 ειυς.
2220 359 2289 373 -
2325 328 2449 382 ωτι.
2492 327 2580 381 Ill.

3273 324 3371 380 ιςιι

184 459 426 516 reum-at,
484 451 647 506 semel
700 465 792 505 eos
840 448 1009 503 hostia
1054 449 1133 502 sui
1179 445 1444 514 sanguinis
1503 421 1721 498 mortem
1753 444 1802 502 Α
1827 438 2070 493 eumdem
2100 437 2436 492 Ilediatorem
2456 434 2548 488 Dei
2578 441 2630 489 et
2659 433 2927 487 hominum
2959 442 3124 502 potest
3150 432 3372 503 ﬁgurali-

184 554 441 606 superans
473 539 686 594 redemit
718 539 812 608 ipsi
843 537 1042 598 ﬁdeles.
1065 536 1152 604 qui
1179 535 1477 604 quotidiana
1509 539 1722 602 peccata

185 629 507 698 quotidianis
549 631 759 682 abluere
789 627 1031 697 precibus
1055 641 1116 679 ac
1158 625 1400 694 lacrymis
1430 623 1616 683 solent.
1641 634 1725 674 se-

183 719 290 772 mel
323 718 371 772 in
401 727 782 773 sacramentum
829 716 1092 786 passionis
1119 714 1259 767 illius
1299 712 1569 794 absolutos
1608 725 1665 764 se
1695 725 1724 763 a

183 809 419 872 peccatis
457 806 698 860 omnibus
726 820 842 860 esse
882 804 1125 874 gaudent.
1162 798 1534 868 Deprecabitur
1556 808 1726 852 autem

181 909 337 960 super
361 911 549 948 cornua
591 895 787 957 altaris,
819 894 937 962 quia
982 903 1036 947 et
1081 891 1195 960 ipse
1225 905 1329 944 non
1371 891 1540 944 solum
1588 887 1727 941 inter

179 982 423 1038 homines
453 993 796 1039 canversatus
823 998 918 1053 pro
963 981 1262 1036 hominibus
1307 979 1510 1043 oravit;
1541 993 1724 1032 verum

175 1071 340 1124 etiam
397 1089 534 1127 nunc
563 1075 627 1127 ad
656 1074 926 1130 dexteram
958 1071 1127 1125 Patris
1179 1071 1229 1123 in
1286 1069 1595 1124 caelestibus
1643 1081 1727 1120 se-

175 1159 331 1224 dens,
358 1164 660 1229 interpellat
691 1179 784 1229 pro
813 1162 981 1225 nobis,
1011 1170 1064 1216 et
1090 1162 1140 1214 in
1169 1159 1415 1213 cordibus
1436 1159 1722 1213 electorum

175 1261 275 1315 per
300 1250 450 1304 tidem
480 1251 798 1314 inhabitans,
830 1252 950 1303 dum
974 1264 1065 1303 eos
1090 1250 1154 1304 ad
1193 1247 1580 1315 deprecandum
1636 1260 1726 1299 ex-

175 1339 345 1399 citat.
375 1350 518 1392 recte
567 1340 680 1406 ipse
719 1339 991 1405 deprecari
1045 1347 1304 1391 narratur.
1364 1334 1726 1402 Deprecabitur

173 1438 342 1479 autnn
374 1430 539 1481 Aaron
567 1444 714 1495 super
756 1443 946 1481 cornua
974 1427 1168 1487 altaris,
1208 1441 1325 1478 cum
1355 1426 1553 1479 electos
1600 1440 1724 1478 suos

183 1518 323 1570 l'atri
361 1519 625 1580 Dominus,
671 1533 762 1585 per
813 1516 1115 1571 memoriam
1156 1531 1336 1569 earum
1385 1529 1513 1583 quas
1555 1516 1724 1567 fecere

174 1609 430 1660 virtutum
455 1607 808 1661 Commendat.
838 1606 1070 1674 Denique
1103 1603 1247 1673 quasi
1275 1619 1469 1658 cornua
1502 1615 1721 1662 tangens

176 1695 364 1748 altaris
391 1697 534 1750 aurei
580 1697 646 1749 de
699 1695 974 1749 devotione
1029 1693 1400 1758 di~cipulorunt
1449 1692 1718 1761 loquitur:

1826 537 1907 582 ter
1961 528 2282 597 exprimere,
2335 527 2472 579 inter
2528 524 2766 576 homines
2819 523 3121 577 humanitus
3160 522 3396 592 quidem.

1823 627 2252 686 conversantem,
2282 616 2373 669 sed
2406 615 2634 684 potentia
2663 613 2948 667 divinitatis
3001 614 3251 668 ctelorum
3289 613 3370 667 iu-
3414 653 3415 657 η
3450 642 3451 645 η

1827 708 2014 760 teriora
2061 715 2442 772 penetrantem.
2490 703 2673 772 Stabat
2716 703 2880 757 altare
2923 703 3122 756 incensi
3155 704 3207 755 in
3249 716 3372 757 san-

1823 798 2041 861 ctuario,
2084 797 2171 850 ubi
2203 808 2250 852 et
2279 797 2652 851 candelabrum
2681 803 2736 849 et
2759 809 2965 859 mensa;
3005 797 3121 863 quia
3155 793 3370 849 Verbum

1780 928 1786 934 ,
1823 902 1940 938 caro
1966 890 2155 954 factum
2199 895 2292 950 est,
2321 897 2367 940 et
2399 887 2639 939 habitavit
2677 888 2729 940 iu
2758 887 2896 939 nobis
2935 883 3109 954 (loan.
3159 884 3221 955 ι).
3255 888 3371 939 Sta-

1823 972 1911 1024 bat
1935 987 2055 1025 arca
2086 973 2447 1037 intrat-etum;
2477 974 2596 1041 quia
2625 973 2761 1026 idem
2791 973 3037 1026 Dominus
3064 972 3217 1027 lesus
3251 982 3370 1043 post

1823 1061 2117 1130 passionem
2168 1063 2716 1131 resurrectionemth
2764 1077 2912 1116 suam
2961 1073 3263 1132 assumptus
3290 1077 3370 1120 est

1825 1150 1876 1200 in
1906 1149 2126 1213 caelum,
2174 1159 2226 1203 et
2252 1150 2402 1204 sedet
2441 1165 2470 1203 a
2498 1152 2693 1206 dextris
2737 1152 2849 1206 Dei.
2884 1153 3053 1221 Super
3080 1141 3226 1221 cujus
3243 1154 3369 1210 icore

1824 1254 1928 1292 nua
1959 1240 2148 1294 altaris
2171 1242 2689 1310 deprecaturAaron
2730 1243 2781 1296 in
2812 1245 3084 1312 sanguine,
3115 1246 3202 1314 qui
3228 1244 3372 1298 oblao

1825 1335 1907 1380 tus
1936 1337 2016 1381 est
2048 1343 2142 1396 pro
2173 1339 2405 1396 peccato,
2436 1338 2492 1385 et
2520 1331 2691 1399 placat
2721 1343 2880 1400 super
2911 1347 2996 1397 eo,
3020 1333 3157 1400 quod
3186 1348 3373 1401 rogan-

1824 1425 1903 1472 tes
1929 1434 2023 1488 pro
2052 1422 2246 1489 populo
2279 1422 2394 1488 Dei,
2424 1423 2503 1476 vel
2535 1437 2627 1490 pro
2673 1437 2767 1477 sua
2813 1423 3048 1492 ipsorum
3078 1423 3370 1495 ignorantia

1820 1513 2119 1564 sacerdotes
2153 1528 2247 1580 per
2276 1515 2596 1583 unigenitum
2629 1514 2815 1568 Filium
2841 1517 2954 1585 ejus
2981 1530 3098 1571 sese
3125 1518 3374 1584 adjuvan-

1820 1599 1937 1662 dos,
1958 1611 2009 1653 et
2031 1615 2125 1665 per
2172 1612 2556 1657 sacramentum
2609 1607 2864 1672 passionis
2910 1605 3050 1660 illius
3091 1608 3371 1662 salvandos

1820 1705 1938 1745 esse
1965 1691 2256 1755 eontidnnt,
2285 1705 2532 1748 monente
2562 1697 2808 1762 Apostolo
2861 1711 2922 1749 ac
2969 1696 3174 1756 dicente
3204 1714 3219 1752 :
3277 1696 3375 1754 Per

173 1785 316 1846 Quos
341 1785 526 1836 dedisti
545 1786 668 1836 mihi
697 1788 758 1837 de
779 1784 987 1848 mundo,
1028 1784 1097 1835 tui
1117 1791 1280 1847 erant,
1310 1791 1356 1834 et
1378 1782 1499 1834 mihi
1520 1798 1603 1834 eos
1632 1783 1720 1834 de-
1752 1768 1798 1827 Β
1824 1779 1988 1843 ipsum
2007 1795 2126 1851 ergo
2146 1781 2413 1845 o/Teramns
2438 1783 2651 1846 hostiam
2671 1783 2834 1836 laudis
2855 1800 3047 1852 semper
3073 1786 3203 1849 Deol
3216 1787 3365 1840 Hebr.

170 1874 315 1932 disti.
346 1881 393 1925 et
418 1887 693 1926 sermonem
725 1883 864 1924 tuum
893 1880 1232 1924 servaverunt.
1287 1869 1436 1923 Nunc
1477 1886 1716 1937 cognove-

173 1973 293 2015 runt
318 1965 438 2031 quia
466 1964 634 2015 omnia
660 1977 772 2030 qius
800 1961 983 2013 dedisti
1012 1960 1152 2024 milti,
1197 1963 1284 2011 abs
1312 1967 1359 2010 te
1380 1967 1495 2010 sunt
1546 1957 1723 2024 (Joan.

173 2059 326 2124 xvtt).
362 2053 464 2107 Pro
494 2054 684 2122 quibus
711 2054 869 2115 etiam
915 2051 1205 2129 deprecans
1228 2049 1457 2118 adjecit:
1501 2047 1611 2115 Ego
1635 2064 1726 2119 pro

174 2148 254 2200 Itis
284 2161 428 2216 rogo,
468 2162 568 2199 non
622 2160 711 2215 pro
739 2145 947 2207 mundo,
995 2143 1083 2196 sed
1115 2157 1206 2210 pro
1249 2142 1325 2194 his
1369 2157 1494 2210 quos
1547 2139 1727 2192 dedisti

174 2227 324 2296 mihi.
360 2239 478 2306 quia
513 2238 586 2289 tui
621 2246 736 2289 sunt
783 2234 986 2304 (lbid.).
1019 2233 1082 2285 Et
1124 2232 1244 2301 quia
1284 2241 1511 2301 propter
1537 2230 1723 2283 merita

175 2318 242 2378 et
288 2325 694 2391 intercessiones
761 2323 1066 2376 sublimium
1114 2321 1366 2385 viratum,
1423 2319 1727 2387 plerumque

174 2425 374 2470 nostra:
403 2414 689 2469 inﬁrmitati
719 2415 968 2469 Dominus
1001 2415 1300 2477 miseretur,
1334 2419 1478 2464 recte
1505 2409 1726 2478 subjun-

173 2506 354 2573 gitur:

246 2597 314 2649 Et
345 2598 566 2668 placabit
609 2614 761 2666 super
788 2613 846 2651 eo
875 2597 926 2649 in
966 2593 1370 2666 generationibus
1398 2593 1590 2657 uestris,
1621 2602 1725 2648 etc.

175 2684 572 2754 Placatquippe‘
623 2689 796 2740 Aaron
840 2700 997 2752 super
1045 2686 1212 2738 altare
1257 2684 1476 2750 incensi,
1517 2685 1728 2750 quando

173 2784 388 2842 pmpter
422 2772 677 2841 justitiam
715 2780 1012 2826 sanctorum
1035 2811 1050 2836 ,
1094 2788 1225 2838 quos
1264 2772 1728 2825 intercessores‘et

173 2872 426 2929 patronos
454 2865 735 2931 quaerimus
767 2862 939 2925 nobis,
969 2861 1280 2929 propitiatur
1311 2861 1580 2912 Dominus.
1617 2859 1726 2912 De-

174 2955 331 3018 nique
359 2952 577 3007 obsesso
604 2953 671 3006 ab
695 2953 936 3006 hostibus
979 2950 1220 3011 l-lzechia,
1246 2960 1298 3002 et
1336 2949 1584 3001 auxilium
1611 2947 1726 3016 ejus

172 3039 462 3109 invocanti,
490 3042 564 3094 ait
593 3060 605 3094 :
634 3040 696 3094 Et
725 3043 969 3095 ciritatcm
990 3040 1119 3093 Itane
1140 3040 1359 3101 salaabo,
1393 3049 1439 3092 et
1466 3050 1724 3107 protegam

174 3149 284 3186 eam
309 3145 510 3201 propter
537 3150 634 3199 me,
677 3142 724 3188 et
752 3144 952 3201 propter
984 3133 1144 3184 David
1172 3147 1365 3184 servum
1407 3147 1569 3183 meum
1617 3130 1666 3196 (Ι
1687 3134 1718 3184 γ

174 3225 303 3297 Reg.
337 3228 469 3293 xix).
499 3225 586 3280 Sic
615 3235 669 3279 et
697 3225 902 3295 Moyses
944 3239 1038 3293 pro
1065 3225 1258 3292 popqu
1290 3232 1538 3288 peccante
1565 3222 1729 3274 inter-

175 3317 390 3378 cedens,
422 3324 624 3381 patrum
659 3314 779 3366 fecit
805 3313 1127 3374 memoriam,
1157 3322 1208 3364 et
1234 3312 1380 3380 quasi
1417 3325 1576 3378 super
1604 3325 1742 3363 cora

174 3419 277 3456 Itua
300 3405 586 3472 deprecans
598 3403 794 3462 altaris.
817 3402 1087 3455 Dominum
1106 3401 1309 3468 placare
1326 3402 1577 3455 curabat:
1601 3401 1727 3466 Qui-

175 3501 330 3554 escat,
347 3492 608 3560 inquiens,
625 3494 702 3543 ira
721 3501 825 3551 tua,
847 3501 892 3543 et
911 3498 1012 3542 esto
1026 3489 1287 3557 placabilis
1298 3505 1447 3558 super
1458 3489 1728 3556 nequitiam

174 3582 348 3649 pepuli
371 3583 462 3633 tui.
493 3580 776 3634 Recordare
804 3580 1054 3631 Abraham
1081 3587 1126 3630 et
1157 3578 1306 3631 Isaac
1331 3589 1374 3628 et
1398 3577 1583 3639 Israel,
1613 3593 1722 3630 ser-

175 3683 350 3721 uorum
379 3680 598 3732 tuorum,
627 3669 806 3736 quibus
827 3669 1015 3738 jurasti
1041 3683 1128 3732 per
1168 3666 1477 3733 temetipsum
1508 3665 1679 3717 dicens
1706 3681 1726 3719 :

177 3756 529 3826 Multiplicabo
556 3773 716 3810 semen
746 3767 978 3818 oestrum,
1005 3755 1134 3809 sicut
1170 3757 1343 3808 stellas
1369 3756 1479 3807 σιειὲ
1528 3753 1722 3825 (Exod.

177 3857 370 3914 xxxii).
411 3846 692 3898 Possumus
727 3859 855 3898 sane
893 3845 1004 3898 haec
1042 3843 1222 3897 altaria
1267 3843 1425 3898 etiam
1459 3846 1528 3896 ita
1563 3845 1726 3898 inter-

177 3939 396 4006 pretari,
429 3947 485 3990 ut
512 3952 713 3990 mneum
754 3937 984 4004 quidem,
1015 3937 1064 3989 in
1093 3951 1195 4004 quo
1225 3950 1410 3989 carnes
1439 3935 1724 3990 combure-

179 4029 372 4078 bantur
423 4037 476 4080 et
527 4029 738 4095 sanguis
785 4027 1098 4084 fundebatur
1147 4027 1460 4090 hostiarum,
1513 4040 1724 4078 omnem

178 4115 336 4182 hujus
368 4119 618 4184 temporis
647 4117 932 4170 Ecclesium
964 4118 1308 4185 accipiamus,
1342 4117 1392 4168 in
1419 4131 1516 4182 qua
1548 4118 1723 4167 nullus

179 4221 258 4260 est
291 4203 489 4274 absque
535 4219 774 4274 peccato,
797 4208 955 4260 etiam
983 4208 1025 4260 si
1075 4207 1372 4259 unius‘diei
1416 4204 1572 4256 fuerit
1619 4203 1724 4255 vita

180 4296 295 4362 ejus
339 4311 497 4363 super
527 4305 743 4348 terram.
775 4294 960 4348 Nullus
987 4295 1074 4362 qui
1121 4309 1222 4346 non
1251 4307 1316 4347 ex
1348 4301 1560 4359 peccato
1593 4305 1726 4358 pra:-

1825 1872 1942 1938 xn),
1970 1871 2020 1923 id
2049 1881 2147 1933 est,
2181 1874 2407 1938 fructum
2459 1874 2709 1926 labiorum
2766 1874 3123 1928 conﬁtentium
3174 1879 3369 1930 nomini

1822 1960 1953 2022 ejus.
1984 1961 2132 2026 Quod
2156 1962 2220 2015 de
2247 1963 2491 2016 omnibus
2519 1964 2677 2017 etiam
2707 1964 2907 2022 electis.
2939 1966 3191 2020 membris
3218 1967 3369 2020 vide-

1825 2047 1943 2101 licet
1990 2052 2178 2103 summi
2210 2051 2515 2114 sacerdotis,
2567 2053 2654 2118 qui
2707 2054 2756 2105 in
2813 2054 2998 2122 spiritu
3048 2064 3102 2110 et
3153 2057 3370 2110 veritate

1823 2146 1970 2188 orant
2005 2136 2232 2204 Patrem,
2261 2142 2635 2195 convenienter
2653 2143 2820 2210 accipi
2847 2153 3035 2210 potest.
3062 2145 3155 2198 Cui
3198 2155 3366 2200 autem

1824 2222 2007 2279 melius
2032 2242 2185 2295 quam
2212 2229 2328 2282 hu'c
2355 2229 2504 2281 altari
2534 2233 2778 2285 convenit
2806 2234 2942 2301 quod
2979 2234 3169 2287 dicitur
3200 2252 3212 2286 :
3239 2235 3373 2290 San-

1825 2326 1957 2368 ctum
1997 2327 2282 2369 sanctorum
2337 2320 2429 2370 erit
2492 2317 2729 2384 Domino,
2762 2321 2827 2373 de
2865 2336 2971 2390 quo
3014 2321 3065 2376 in
3117 2325 3368 2378 mundum

1823 2405 2090 2457 nascituro
2113 2404 2246 2458 dixit
2292 2406 2478 2474 virgini
2505 2409 2654 2460 matri
2702 2409 3089 2476 arcltangelus:
3143 2410 3372 2475 Spiritus

1826 2505 2028 2549 sanctus
2055 2498 2359 2566 superueniet
2381 2498 2435 2567 in
2461 2507 2527 2562 te,
2545 2507 2648 2551 etc.
2681 2497 2833 2565 (Luc.
2854 2501 2915 2568 ι).
2947 2499 3210 2568 Descripta
3239 2499 3368 2554 huc-

1827 2601 1992 2655 usque
2036 2586 2232 2641 factura
2277 2589 2452 2642 altaris
2484 2589 2702 2656 incensi,
2721 2601 2962 2658 superest
2978 2591 3151 2645 adhuc
3173 2591 3373 2645 descri-

1829 2680 1938 2743 ptio
1964 2676 2092 2730 labri
2124 2680 2276 2744 siuei,
2312 2679 2362 2732 in
2411 2695 2516 2747 quo
2547 2682 2785 2733 lavarent
2835 2697 3021 2736 manus
3048 2697 3168 2736 suas
3210 2699 3270 2737 ac
3297 2699 3376 2751 pe-

1827 2764 1942 2828 des,
1994 2766 2275 2834 ingressuri
2323 2768 2372 2819 in
2421 2770 2811 2822 tabernaculum
2865 2772 3206 2837 merdotes;
3278 2775 3372 2829 sed

1825 2853 2165 2921 praemittitur
2212 2870 2371 2908 unum
2437 2856 2640 2910 Domini
2710 2857 3061 2922 mandatum,
3132 2862 3269 2929 quod
3321 2876 3377 2917 et

1828 2957 1923 2996 nos
1954 2943 2176 2998 breviter
2221 2954 2436 3014 tangere
2486 2959 2547 2998 ac
2595 2960 2689 3015 pro
2741 2947 2952 3002 modulo
2997 2960 3178 3006 nostro
3214 2968 3376 3022 expo-

1832 3048 1957 3090 nere
2006 3035 2271 3088 convenit.

2392 3176 2612 3234 CAPUT
2676 3179 2805 3236 Xlil.

1827 3283 1903 3340 De
1932 3287 2089 3353 pretio
2109 3303 2200 3350 pro
2219 3288 2478 3342 animabus
2507 3291 2843 3359 singulorum,
2875 3306 3137 3350 numerato
3163 3297 3375 3367 populo.

1898 3396 2114 3460 Quando
2142 3396 2313 3448 tuleris
2342 3411 2583 3448 summant
2611 3398 2832 3463 ﬁliorum
2863 3400 3045 3467 Israel,
3073 3412 3175 3464 etc.
3212 3406 3375 3474 Hujus

1829 3485 2076 3552 praecepti
2101 3483 2295 3536 oblitus
2324 3493 2405 3537 est
2436 3480 2620 3547 David;
2651 3487 2860 3553 quando
2888 3493 3180 3544 numeravit
3209 3507 3373 3562 popu:

1826 3575 1958 3633 lum.
1990 3573 2209 3640 ideoque
2241 3575 2442 3642 plagam
2474 3576 2798 3629 numerando
2828 3578 3002 3632 eidem
3029 3581 3218 3648 p0pulo
3247 3597 3375 3637 con-

1823 3661 2003 3718 scivit.'
2024 3662 2292 3731 Spirituali
2320 3675 2492 3718 autem
2523 3679 2702 3733 sensu,
2730 3681 2933 3721 summa
2962 3669 3184 3726 ﬁ’iorum
3211 3670 3374 3728 lsrael

1824 3769 2080 3809 summam
2120 3758 2351 3809 omnium
2383 3756 2621 3825 designat
2660 3759 2946 3812 electorum
2968 3798 2983 3824 ,
3015 3776 3238 3831 quorum
3282 3779 3375 3815 no-

1826 3843 1964 3896 mina
1995 3845 2195 3913 scripta
2224 3853 2347 3898 sunt
2388 3845 2439 3898 in
2470 3845 2629 3901 caelo.
2655 3846 2960 3916 Singttlique
2986 3850 3110 3903 dant
3138 3866 3232 3918 pro
3257 3852 3373 3905 aui-

1826 3934 2011 3989 mabus
2035 3938 2145 3990 suis
2181 3938 2402 4004 pretium
2430 3937 2674 4002 Domino,
2707 3954 2822 3992 cum
2853 3941 2902 3994 ei
2932 3942 2981 3993 in
3011 3942 3162 3995 bouis
3189 3945 3375 4009 cperi-

1825 4023 1922 4077 bus
1951 4025 2200 4078 exhibent
2239 4026 2432 4078 sedulae
2461 4027 2730 4080 servitutis
2756 4029 3085 4096 obsequium.
3127 4028 3372 4100 Alioquin

1823 4114 1970 4180 plaga
2009 4113 2111 4165 erit
2154 4115 2203 4163 iit
2233 4115 2333 4178 eis,
2365 4129 2483 4168 cum
2515 4113 2706 4168 fuerint
2745 4117 3024 4180 recensiti;
3065 4119 3184 4187 quia
3223 4120 3375 4174 nimi-

1824 4215 1941 4252 rum
1970 4199 2101 4253 ultio
2127 4208 2371 4268 perpetua
2401 4210 2581 4256 manet
2619 4217 2711 4258 eos
2749 4204 2859 4274 qui,
2892 4204 3120 4260 ﬁdelium
3151 4223 3375 4271 numero

1824 4290 2036 4344 nomine
2075 4299 2228 4344 tenus
2268 4293 2485 4358 sociati,
2527 4293 2754 4359 perlecta
2793 4294 2910 4349 ﬁdei
2954 4311 3113 4362 Opera
3155 4298 3375 4353 Domino

182 4385 521 4438 varicationis
571 4384 696 4436 Ada:
726 4387 1005 4438 carnaliter
1044 4393 1217 4446 natus,
1267 4398 1486 4437 necesse
1535 4384 1723 4437 habeat
1755 4397 1803 4457 ο
1828 4381 2014 4435 offerre
2041 4381 2353 4435 detrectant.
2379 4381 2681 4451 Diciturque
2700 4384 2766 4438 de
2788 4386 2978 4439 talibus
3003 4404 3014 4439 :
3045 4379 3162 4439 Non
3188 4388 3374 4440 dabunt

183 4476 236 4528 in
265 4475 478 4528 Christo
509 4475 735 4539 renasci,
784 4483 838 4528 et
874 4477 1089 4544 spiritus
1133 4477 1247 4542 ejus
1299 4477 1416 4544 igne
1463 4477 1719 4531 mundari.

183 4563 409 4616 Aureum
455 4576 580 4615 vero
632 4563 818 4624 altare,
874 4565 1042 4630 ipsum
1099 4565 1374 4618 Dominum
1425 4565 1723 4634 signiﬁcet;

183 4653 266 4720 qni
297 4651 430 4704 miro
460 4660 618 4718 atque
646 4651 908 4707 inell'a'bile
953 4655 1160 4718 ordine,
1206 4656 1274 4708 ita
1305 4670 1517 4708 carnem
1549 4671 1727 4710 veram

185 4743 336 4795 traxit
366 4755 429 4793 ex
457 4741 647 4806 Adam,
697 4752 753 4794 ut
780 4757 807 4793 a
860 4754 1072 4809 peccato
1101 4745 1275 4799 carnis
1321 4745 1447 4798 Ade
1475 4744 1730 4800 veraciter

185 4841 328 4887 esset
355 4831 632 4896 immunis;
667 4834 931 4900 quomodo
979 4835 1147 4890 altare
1191 4837 1403 4904 quidem
1451 4850 1730 4908 utrumque

186 4937 246 4976 ex
279 4925 433 4977 unius
459 4921 799 4992 ejusdemque
825 4925 1033 4990 generis
1075 4924 1229 4990 lignis
1256 4923 1472 4993 factum,
1502 4928 1592 4981 sed
1625 4945 1729 4984 non

189 5025 461 5082 utrumque
489 5014 605 5068 erat
641 5029 770 5066 auro
793 5025 1120 5080 coopertum.
1151 5015 1253 5068 Sed
1284 5025 1339 5068 et
1369 5016 1420 5068 itt
1451 5018 1549 5071 hoc
1577 5022 1730 5075 altari

187 5101 254 5152 nil
291 5102 502 5155 carnale
530 5102 869 5168 ollerebatur,
899 5118 1080 5156 verum
1131 5114 1364 5156 aromata
1414 5116 1613 5159 tantum
1639 5109 1733 5161 ad-

187 5189 494 5258 o'ehantur;
524 5194 644 5261 quia
668 5192 916 5247 Dominus
940 5209 1122 5261 preces
1148 5196 1257 5248 sive
1282 5194 1543 5262 lacrymas
1566 5197 1733 5252 eﬂ‘un-

190 5284 338 5346 deus,
372 5298 475 5336 non
525 5300 620 5353 pro
648 5287 758 5338 suis
786 5285 1065 5347 erratibus,
1113 5286 1201 5353 qui
1253 5285 1375 5338 nulli
1427 5297 1595 5350 erant,
1638 5290 1730 5343 sed

187 5387 281 5441 pro
307 5384 483 5427 nostra
512 5375 610 5429 hoc
637 5378 807 5431 salute
833 5378 1077 5430 faciebat.
1105 5377 1250 5432 Sicut
1272 5381 1411 5429 enim
1447 5393 1566 5430 arca
1594 5381 1732 5433 intra

189 5467 361 5518 velum
395 5463 580 5528 posite,
605 5466 869 5520 hominem
895 5466 1056 5520 Deum
1077 5466 1342 5518 sedentem
1370 5467 1432 5517 ad
1465 5467 1732 5522 dexteram

191 5541 480 5625 majestatis
529 5556 581 5608 in
637 5557 864 5611 excelsis
914 5558 1206 5628 signiﬁcat;
1259 5557 1328 5608 ita
1381 5559 1544 5612 altare
1588 5569 1734 5613 extra

191 5649 359 5703 velum
406 5646 640 5714 quidem,
695 5647 784 5712 sed
835 5663 998 5718 prape
1042 5649 1308 5705 introitum
1337 5646 1452 5713 ejus
1481 5650 1731 5717 positum,

1821 4470 1935 4524 ﬂeo
1952 4471 2279 4540 placationem
2300 4487 2463 4532 suam,
2482 4489 2568 4526 nec
2588 4474 2802 4541 pretium
2825 4475 3176 4538 redemptionis
3197 4477 3376 4527 animat

1825 4574 1930 4612 sum
1955 4557 2124 4626 (Psal.
2151 4559 2352 4626 nvttt).
2385 4558 2678 4630 Redemptio
2707 4563 2838 4614 enim
2862 4563 3043 4613 animi:
3067 4562 3161 4614 uiri
3187 4563 3377 4615 divitia!

1825 4665 1931 4703 sua:
1953 4646 2218 4716 (Proverb.
2250 4649 2386 4716 xm),
2409 4662 2463 4703 ut
2490 4649 2528 4703 S
2547 4653 2736 4704 tlomon
2765 4653 2873 4704 ait:
2899 4653 3009 4705 sive
3037 4655 3374 4719 temporales,

1825 4739 2026 4794 scilicet
2053 4754 2170 4792 cum
2209 4754 2299 4792 eas
2324 4739 2649 4820 distribuerit
2690 4741 2993 4810 dederitque
3035 4743 3377 4811 pauperibus,

1830 4842 1882 4886 ut
1909 4829 2106 4898 justitia
2135 4827 2250 4896 ejus
2279 4839 2487 4880 maneat
2512 4830 2562 4881 in
2593 4831 2839 4883 saeculum
2869 4832 3080 4896 saeculi;
3110 4849 3202 4888 seu
3228 4833 3379 4901 spiri-

1829 4923 2017 4985 tuales,
2044 4923 2139 4972 hoc
2157 4927 2255 4974 est.
2279 4920 2388 4986 ipsa
2409 4918 2606 4985 justitia
2630 4933 2786 4986 quam
2812 4918 2951 4985 fecit,
2974 4923 3053 4975 vel
3078 4924 3375 4976 miserando

1832 5011 2181 5080 pauperibus,
2211 5009 2290 5062 vel
2319 5008 2418 5061 alia
2451 5010 2582 5061 bona
2621 5008 2876 5063 faciendo.
2909 5008 3060 5062 Dabit
3085 5018 3248 5062 autem
3274 5027 3375 5062 om-

1830 5109 1908 5161 nis
1936 5107 2021 5176 qui
2051 5105 2225 5157 transit
2253 5102 2319 5156 ad
2351 5118 2557 5168 nomen,
2587 5103 2852 5155 dimidium
2879 5093 2994 5155 sicli
3006 5142 3019 5166 ,
3049 5099 3148 5155 hoc
3178 5110 3258 5154 est
3283 5101 3378 5156 de-

1831 5214 1947 5252 cem
1971 5198 2186 5258 obolos;
2215 5193 2351 5262 quod
2379 5209 2481 5245 non
2510 5193 2646 5245 aliud
2670 5194 2838 5260 aptius
2863 5206 3016 5258 quam
3042 5190 3374 5247 observantia

1831 5286 2064 5353 decalogi
2097 5285 2224 5353 legis
2250 5298 2278 5335 a
2310 5284 2460 5337 nobis
2485 5284 2623 5336 valet
2659 5281 2896 5349 intelligi.
2937 5279 3034 5345 Qui
3060 5281 3198 5334 enim
3240 5281 3379 5334 hunc

1834 5387 1974 5432 recte
2020 5373 2312 5442 intelligere
2354 5371 2528 5434 novit,
2559 5384 2766 5424 omnem
2809 5369 2859 5421 in
2893 5382 2957 5422 eo
2982 5377 3036 5422 et
3076 5370 3192 5422 lidei
3222 5381 3381 5439 atque

1806 5465 2009 5534 ὀρεινῆς
2061 5462 2432 5532 plenitudinem
2459 5500 2473 5522 ,
2518 5466 2571 5510 et
2610 5457 2797 5510 futura:
2846 5458 3242 5525 promissionem
3293 5473 3378 5512 re-

1837 5554 2131 5610 tributiouis
2175 5554 2348 5606 inesse
2374 5548 2638 5616 cognovit.
2687 5547 2920 5616 Denique
2963 5549 3014 5602 in
3060 5534 3239 5617 primis
3286 5549 3380 5602 tri—

1835 5646 1931 5700 bus
1956 5643 2165 5698 dilectio
2195 5641 2285 5695 Dei
2306 5679 2321 5702 ,
2362 5638 2413 5692 in
2455 5637 2795 5707 sequentibus
2834 5649 3038 5706 septem
3063 5637 3274 5692 dilectio
3298 5648 3381 5691 est
