3898 6260
492 401 592 458 €95

1011 395 1207 452 neme
1246 375 1680 451 temnamus
1718 386 1993 445 orsnun
2035 386 2057 440 t

2160 384 2206 440 ιε
2243 384 2306 439 il.
2329 341 2398 438 4-
2425 382 2802 440 EXEGETICA
2845 379 3160 438 casum.
3197 340 3199 342 ’

3604 377 3700 432 896

489 513 714 586 proximi
739 508 1146 580 comprehensa;
1185 517 1236 562 et
1277 503 1532 573 Apostolo
1571 510 1739 557 teste:
1767 496 2037 553 Plenitudo
2070 495 2114 554 Α
2141 494 2464 562 gradiantur.
2517 492 2705 548 \‘erutn
2753 490 2876 561 quia
2921 491 3055 543 inter
3095 485 3501 542 tabernaculum
3555 489 3699 540 testi-

491 606 614 676 legis
629 613 701 657 est
721 601 917 654 dilectio
937 598 1108 669 (Rom.
1128 596 1265 665 aut).
1289 593 1390 650 Sed
1413 602 1465 648 et
1484 590 1624 645 aliud
1651 595 2036 676 sacramentum

493 671 818 762 nequaquam
862 683 1280 757 praetereundum
1302 721 1318 746 ,
1359 680 1544 735 eodem
1576 689 1796 733 numero
1821 671 2041 728 denario

491 785 806 842 continetur.
836 779 1036 834 Nomen
1063 777 1204 831 enim
1231 773 1355 828 lesu
1378 771 1514 841 apud
1546 771 1792 825 llebrzeos
1816 782 1844 820 a
1870 767 2039 820 littera

490 875 602 944 lod,
631 872 768 944 apud
799 870 1011 924 Graecos
1043 882 1070 921 a
1100 867 1201 919 iota
1231 864 1450 932 incipit;
1477 876 1592 931 qum
1620 869 1841 928 utraque
1869 859 1921 910 in
1949 870 2040 909 sua

493 980 645 1042 gente
685 966 886 1044 denarii
915 971 995 1019 est
1024 970 1146 1016 nota
1190 957 1410 1013 numeri.
1447 957 1737 1023 necemque
1774 952 1959 1006 obolos
1989 952 2041 1002 in

494 1039 712 1130 pretium
753 1039 939 1110 anima:
975 1066 1086 1106 sua:
1128 1049 1346 1104 Domino
1369 1044 1630 1109 offerunt,
1662 1042 1747 1111 qui
1779 1039 1830 1094 in
1862 1039 2041 1094 Jesum

428 1146 430 1148 ’
493 1125 756 1202 libristum
801 1143 1090 1205 credentes,
1135 1138 1338 1206 signum
1383 1132 1608 1187 nominis
1649 1129 1796 1198 ejus,
1836 1125 1974 1197 quod
2015 1140 2045 1178 a

494 1237 708 1292 denario
734 1248 950 1290 numero
980 1230 1181 1297 incipit,
1212 1224 1462 1297 in'fronte
1484 1231 1538 1278 et
1566 1220 1894 1289 prnfessione
1925 1231 2043 1284 pro-

495 1327 683 1382 ferunt.
734 1326 795 1378 Et
823 1323 1043 1378 fortasse
1072 1319 1225 1387 hujus
1250 1317 1414 1386 gratia
1444 1312 1757 1366 sacramenti
1791 1308 2044 1361 Dominus

495 1421 546 1472 in
581 1416 856 1484 Evangelio
884 1423 1126 1476 testatur,
1154 1410 1256 1460 iota
1280 1421 1429 1458 unum
1453 1404 1514 1454 de
1539 1403 1646 1472 lege
1665 1399 1920 1471 praterire
1947 1412 2044 1448 non

493 1525 639 1575 posse
668 1504 876 1576 (Matth.
910 1501 1002 1570 v);
1033 1499 1150 1569 quia
1183 1500 1347 1550 virtus
1375 1493 1606 1562 decalogi
1631 1531 1644 1554 ,
1675 1507 1791 1559 qua:
1818 1490 1886 1542 ibi
1917 1503 2046 1542 con-

495 1599 710 1658 tinetur,
764 1595 995 1658 lldesque
1039 1587 1264 1642 nominis
1309 1586 1504 1652 ipsius,
1549 1598 1666 1651 quae
1709 1581 1780 1634 ibi
1830 1579 2048 1648 mystice

495 1691 752 1758 signatur,
787 1684 923 1739 nulla
967 1694 1193 1748 unquam
1239 1684 1410 1742 potest
1449 1672 1735 1728 inﬁdelium
1778 1667 2050 1738 perturba-

497 1781 634 1832 tiottc
659 1773 943 1840 corrumpi.

2141 586 2299 638 monii
2320 595 2371 639 et
2397 585 2564 639 altare
2603 584 2895 638 holocauin
2923 584 3145 651 positum
3175 588 3276 644 est,
3305 581 3428 650 quia
3463 580 3543 638 Itis
3569 593 3698 649 quo-

2143 673 2268 729 tidie
2295 675 2454 729 iidem
2483 675 2582 742 ipsi
2609 675 2933 738 sacerdotes,
2966 672 3065 726 hoc
3092 680 3172 726 est
3197 685 3351 725 ntane
3379 681 3432 725 et
3458 685 3696 738 vespere,

2143 781 2261 822 cum
2289 765 2684 834 ingrederentur
2707 763 2770 818 ad
2799 764 2964 819 altare
2993 763 3277 833 thymiama
3305 761 3532 816 Domina
3556 762 3697 815 obla-

2145 857 2270 922 turi,
2304 855 2355 910 itt
2382 871 2448 911 eo
2469 857 2630 912 lavari
2652 856 2898 925 prmcepti
2921 865 3064 920 sunt,
3088 869 3220 924 aqua
3246 865 3420 909 autem
3455 854 3695 922 baptismi

2146 960 2247 1000 non
2298 946 2396 1000 nisi
2445 946 2609 1001 semel
2653 945 2813 999 lavari
2850 946 3119 1010 valemus;
3166 945 3584 1013 consequentiae
3630 943 3698 995 ia-

2146 1037 2295 1090 brum
2329 1035 2429 1090 hoc
2472 1036 2794 1090 ablutionem
2845 1035 2998 1091 nobis
3053 1034 3480 1109 compunctiouis
3525 1041 3582 1087 et
3633 1033 3698 1084 la-

2152 1138 2450 1190 crymarutu
2484 1124 2837 1194 commendat,
2869 1139 2968 1192 qua
2999 1138 3211 1193 semper
3239 1136 3373 1190 Opus
3421 1123 3697 1185 habemus,

2147 1215 2381 1271 maxime
2408 1226 2581 1269 autem
2630 1231 2748 1270 eum
2781 1217 3048 1285 mysteriis
3076 1214 3387 1269 cmlcstibus
3433 1213 3698 1266 miistra-

2150 1305 2251 1358 turi
2297 1306 2690 1373 apprOpiemus.
2722 1306 2854 1372 Quia
2898 1304 3037 1358 enim
3078 1304 3243 1357 altare
3293 1302 3620 1367 holocausti,
3653 1303 3699 1353 in

2149 1411 2250 1466 quo
2271 1412 2456 1450 carnes
2504 1397 2831 1450 victimarum
2881 1396 3106 1450 Domino
3136 1395 3576 1456 incendebantur,
3617 1409 3702 1446 es-

2147 1485 2485 1539 stinctionetn
2530 1485 2769 1553 designat
2815 1485 3105 1538 carnalium
3153 1483 3702 1550 concupiscetttiarum

2151 1588 2244 1642 per
2266 1574 2436 1640 ignem
2468 1575 2694 1641 Spiritus
2737 1575 2941 1639 sancti;
2981 1574 3146 1628 altare
3187 1588 3312 1634 vero
3344 1573 3705 1642 thymiamatis

2153 1664 2431 1732 puritatem
2472 1664 2731 1732 signiﬁcat
2779 1679 2988 1730 eorum,
3019 1665 3107 1733 qui
3154 1663 3343 1732 sopitis
3395 1679 3488 1732 per
3531 1665 3701 1716 omnia

2153 1750 2324 1804 carnis
2355 1750 2638 1816 illecebris,
2664 1767 2726 1805 ac
2749 1751 3040 1806 certamine
3078 1751 3325 1805 vitiorum
3375 1761 3585 1819 pacato,
3613 1766 3701 1819 pro

570 1867 670 1931 Qui
697 1824 902 1918 habent;
922 1861 975 1914 in
997 1873 1199 1912 numero
1220 1872 1251 1908 a
1273 1855 1445 1924 viginti
1470 1852 1616 1903 annis
1643 1859 1687 1902 el
1711 1863 1888 1913 supra,
1915 1845 2050 1896 dabit
2082 1824 2128 1882 Β
2158 1839 2264 1892 sola
2293 1841 2689 1906 exspectatione
2711 1854 2771 1894 ac
2798 1841 3062 1894 desiderio
3090 1840 3326 1894 cmlestis
3357 1839 3606 1893 introitus
3632 1843 3701 1893 la.

499 1955 734 2022 pretium.
782 1951 1039 2007 Numerus
1079 1943 1374 2000 vicenarius
1417 1939 1688 2004 utriusque
1730 1933 2050 1989 'festameuti

497 2041 917 2111 cniijunctioncm
954 2033 1242 2105 significat,
1282 2030 1409 2098 legis
1439 2028 1716 2089 videlicet,
1759 2039 1874 2091 quas
1903 2025 2054 2092 quin-

496 2147 598 2198 que
626 2131 772 2184 libris
811 2128 1004 2194 scripta
1044 2133 1157 2187 est;
1198 2132 1249 2173 et
1290 2117 1590 2186 Evangelii,
1629 2115 1764 2182 quod
1796 2123 2052 2182 quatuor;

497 2232 680 2284 qur-iter
709 2203 1030 2283 cnim‘quini
1068 2213 1264 2266 faciunt
1292 2208 1489 2276 viginti.
1529 2210 1563 2259 Δ
1601 2205 1776 2272 viginti
1808 2219 1933 2271 ergo
1961 2210 2053 2254 an-

502 2308 584 2360 nis
612 2306 832 2358 habetur
858 2301 1079 2370 quisque
1113 2300 1162 2352 in
1202 2308 1419 2349 numero
1451 2292 1620 2360 populi
1654 2292 1778 2352 Dei;
1809 2291 1926 2358 quia
1968 2289 2053 2341 ille

498 2395 668 2447 solum
693 2401 775 2445 est
799 2392 1084 2444 eiecturum
1111 2383 1377 2440 consortio
1401 2382 1620 2451 dignus,
1648 2380 1735 2448 qui
1764 2390 1813 2432 et.
1842 2378 2051 2431 decreta

503 2484 634 2552 legis
681 2480 1022 2549 spiritualiter
1072 2475 1374 2540 intellecta,
1431 2486 1524 2540 per
1574 2469 1796 2539 gratiam
1845 2466 2054 2534 adjutus

509 2571 802 2640 Evangelii,
835 2585 929 2636 pro
953 2581 1048 2620 sua
1075 2578 1323 2619 mensura
1348 2569 1404 2616 et
1427 2559 1715 2628 capacitate
1741 2555 1972 2624 perlicit,
2004 2563 2058 2607 et

502 2662 568 2715 de
594 2661 826 2729 ejusdem
856 2659 1041 2727 gratia:
1064 2650 1336 2724 promissis
1362 2659 1559 2703 mterna
1586 2647 1638 2701 in
1665 2644 1816 2700 caelis
1844 2642 2054 2712 praemia

502 2757 786 2818 exspectat.

574 2841 721 2894 Diues
762 2855 860 2891 non
900 2835 1049 2891 addet
1078 2835 1145 2888 ad
1191 2833 1410 2886 medium
1457 2830 1590 2892 sicli,
1618 2836 1723 2882 etc.
1766 2825 1897 2892 Quia
1946 2822 2058 2878 sive

505 2947 723 3002 magnus
751 2940 832 2983 est
861 2928 1060 2982 meritis
1108 2927 1348 2995 quisque,
1376 2938 1435 2974 ac
1465 2919 1747 2989 perfectus,
1782 2933 1872 2971 seu
1905 2926 2056 2970 tener

503 3021 696 3082 adhuc,
719 3027 769 3072 et
791 3017 840 3070 in
868 3015 1100 3083 profectu
1126 3013 1326 3080 positus
1351 3011 1621 3072 virtutum,
1644 3006 1850 3060 cunctis
1865 3005 2052 3060 eadem

505 3114 586 3165 lea
621 3108 883 3176 Decaiogi,
914 3120 1016 3175 qua
1051 3104 1212 3158 Deum
1258 3115 1320 3154 ac
1369 3100 1662 3169 proximum
1697 3097 1898 3165 diligat,
1946 3095 2054 3148 im—

509 3384 695 3450 lsrael,
730 3393 833 3438 etc.
879 3380 1131 3447 Suscepta
1163 3392 1191 3431 a
1224 3376 1345 3430 filiis
1393 3375 1546 3429 lsrael
1579 3372 1821 3441 pet-uitia,
1859 3371 1908 3423 in
1941 3383 2052 3422 mo-

512 3479 798 3531 nimentum
826 3486 1006 3527 eorum
1032 3483 1209 3524 coram
1239 3465 1459 3520 Domino
1483 3462 1724 3526 infertur,
1755 3475 1874 3514 cum
1905 3470 2060 3512 omne

512 3564 761 3636 quidquid
809 3563 1011 3631 agimus
1046 3559 1190 3626 boui,
1225 3558 1275 3610 in
1321 3565 1518 3609 aeterna
1548 3552 1686 3620 apud
1717 3550 2058 3606 Conditorem

510 3673 571 3710 ac
599 3654 836 3711 iudicem
879 3659 1119 3703 nostrum
1150 3645 1404 3700 memoria
1447 3641 1772 3704 custoditur;
1797 3646 2060 3707 quatenus

510 3763 574 3800 ex
609 3746 707 3808 eis,
737 3757 852 3812 quae
891 3742 961 3794 illi
990 3737 1299 3800 obtulimus,
1327 3736 1582 3787 bonorum
1625 3746 1842 3800 operum
1875 3729 2062 3784 fructi-

511 3840 614 3890 bus
657 3813 912 3904 propitius
942 3829 1093 3883 nubis
1124 3826 1234 3880 fieri
1268 3824 1530 3891 dignetur.
1572 3820 1927 3888 Servaturque
1975 3831 2064 3870 ea-

513 3927 632 3978 dem
668 3921 887 3990 pecunia
939 3918 990 3970 in
1040 3928 1189 3968 usum
1223 3908 1571 3972 tabernaculi,
1621 3921 1739 3960 cum
1794 3921 1857 3960 ex
1913 3903 2065 3956 bonis

514 4017 772 4084 justorum
823 4007 1026 4064 actibus
1074 4003 1402 4071 sequentium
1462 4000 1514 4055 in
1569 3997 1780 4053 Christo
1834 3995 2062 4050 ﬁdelium

515 4117 694 4159 mores
717 4112 969 4168 actusque
996 4097 1408 4158 conﬁrmantur;
1439 4105 1501 4146 ac
1531 4091 1661 4145 tales
1693 4089 1805 4144 lieri
1838 4088 2066 4141 minores

513 4196 708 4265 quique
763 4189 1106 4250 contendunt,
1158 4186 1338 4255 quales
1385 4181 1549 4238 fuisse
1599 4194 1712 4246 eos,
1767 4195 1899 4249 quos
1949 4193 2066 4232 cum

517 4284 739 4337 Domino
767 4293 987 4348 regnare
1017 4285 1232 4340 norunt,
1277 4278 1589 4343 agnoscunt.
1620 4271 1911 4324 Notandum
1943 4282 2070 4321 sane

515 4372 658 4441 quod
709 4368 928 4439 pecunia
982 4374 1292 4425 memorata,
1330 4377 1432 4414 non
1475 4361 1621 4427 juxta
1671 4357 2069 4411 aestimationem

2083 3147 2132 3208 C

2155 1943 2363 1998 crytnas
2411 1929 2630 1982 tundunt
2674 1931 2902 1995 amoris;
2947 1939 3090 1985 recte
3137 1944 3304 1998 prope
3345 1931 3520 1984 altare
3566 1929 3701 1983 bolo-

2155 2019 2324 2073 causti
2368 2019 2569 2073 labrum
2601 2020 2830 2087 ponitur,
2883 2021 2935 2087 in
2964 2036 3070 2089 quo
3109 2020 3271 2074 abluti
3300 2020 3605 2074 sacerdotes
3632 2020 3701 2073 ie-

2155 2111 2460 2179 grediantur
2493 2113 2906 2178 tabernaculum,
2940 2121 2993 2168 et
3024 2112 3310 2181 thymiama
3360 2111 3590 2166 Domino
3621 2111 3701 2164 in-

2155 2202 2401 2256 cendant.
2459 2201 2673 2255 Duobus
2739 2215 2966 2271 namque
3017 2203 3187 2256 modis
3259 2202 3614 2270 lacryinarum
3660 2214 3701 2254 et

2155 2293 2613 2360 compunctionum
2643 2299 2809 2346 status
2837 2292 3211 2361 distinguitur;
3239 2294 3360 2362 quia
3407 2292 3582 2360 primo
3624 2309 3702 2346 ne-

2154 2395 2303 2437 cesse
2347 2395 2427 2439 cat
2455 2385 2679 2452 quisque
2720 2384 2783 2437 ad
2828 2383 3109 2436 Dominum‘
3135 2397 3451 2445 conversus,
3498 2398 3594 2451 pro
3633 2382 3703 2436 bis

2156 2486 2273 2539 qua:
2301 2472 2570 2524 commisit
2594 2463 2824 2539 peccaiis
2855 2471 3061 2525 veniam
3093 2469 3223 2525 fusis
3251 2471 3502 2540 lacrymis
3536 2485 3702 2538 prece-

2159 2568 2260 2612 tur.
2296 2558 2445 2626 Quod
2473 2559 2518 2613 si
2557 2559 2930 2614 comitantibus
2957 2559 3129 2630 dignis
3161 2559 3491 2629 paenitentia
3539 2559 3704 2613 fructi-

2159 2645 2257 2701 bus
2286 2648 2444 2717 longo
2473 2657 2711 2717 tempore
2754 2646 3056 2717 perfecerit,
3087 2657 3252 2704 restat
3281 2658 3339 2704 ut
3381 2650 3627 2705 securior
3650 2652 3707 2703 de

2157 2744 2372 2807 accepta
2413 2746 2751 2806 peccatorum
2798 2741 2949 2793 venia
2995 2738 3232 2805 effectus,
3274 2739 3386 2808 jam
3434 2739 3705 2795 desideriis

2159 2827 2480 2883 initiantibus
2523 2837 2732 2896 oportet
2785 2828 2965 2882 venire
3013 2837 3248 2893 tempus,
3299 2843 3406 2897 quo
3454 2837 3705 2883 mereatur

2158 2920 2295 2973 inter
2345 2919 2679 2974 beatissimos
2720 2920 3024 2988 angelorum
3074 2921 3267 2973 choros
3315 2917 3507 2973 faciem
3542 2920 3706 2974 videre

2156 3011 2236 3062 sui
2268 3007 2559 3063 Creatoris.
2594 3010 2744 3075 Quod
2772 3009 2858 3077 qui
2905 3011 3163 3065 veraciter
3202 3011 3330 3082 agit,
3382 3021 3706 3078 nequaquam

2159 3097 2355 3165 absque
2401 3098 2669 3166 iacrymis,
2699 3099 2780 3152 vel
2829 3098 2986 3165 hujus
3029 3100 3149 3150 vitae
3198 3097 3601 3165 longitudinem,
3637 3100 3706 3150 vel

2161 3186 2302 3239 illius
2333 3185 2522 3238 tolerat
2560 3184 2894 3246 dilationem,
2938 3186 3129 3239 dicens.
3149 3185 3217 3239 de
3262 3185 3361 3238 ista
3393 3203 3404 3236 :
3439 3185 3556 3237 (lett
3601 3186 3708 3236 mihi

2159 3279 2294 3344 quod
2325 3265 2587 3330 incolatur
2634 3292 2770 3328 meus
2817 3275 3146 3345 prolongattts
3188 3283 3259 3328 est
3276 3276 3295 3326 .'
3345 3275 3569 3328 habitari
3613 3291 3708 3329 ctua

2159 3367 2500 3421 habitantibus
2544 3367 2704 3421 Cedar
2752 3365 2921 3434 (Psal.
2972 3368 3147 3432 cata);
3199 3365 3251 3420 itl
3302 3375 3416 3431 est,
3471 3382 3592 3420 cum
3645 3368 3710 3420 his

2161 3459 2249 3526 qui
2279 3460 2328 3512 in
2361 3458 2593 3512 tenebris
2615 3472 2852 3511 errorum
2874 3470 2935 3510 ac
2962 3457 3219 3510 scelerum
3242 3466 3561 3520 versantur;
3586 3456 3711 3524 quod

2163 3549 2474 3602 vocabulum
2521 3545 2691 3601 Cedar
2737 3555 2913 3612 sonat,
2967 3545 3080 3613 ipse
3119 3544 3228 3613 jam
3275 3555 3565 3614 perpetuas
3598 3546 3713 3599 lucis

2161 3641 2346 3714 gaudia
2395 3639 2668 3705 suspirans
2711 3638 2935 3690 multum
3005 3635 3320 3690 laboriosam
3352 3635 3480 3690 duxi
3513 3636 3710 3688 vitam:

2163 3732 2249 3801 qui
2283 3739 2534 3798 quantum
2586 3729 2856 3782 cmiestetn
2892 3727 3110 3796 patriam
3165 3727 3312 3792 sitio,
3363 3737 3569 3782 tantum
3599 3727 3712 3780 vici-

2166 3824 2314 3873 niam
2337 3834 2638 3887 pravorum,
2683 3817 2820 3871 inter
2863 3831 2997 3885 quos
3038 3817 3207 3870 incola
3253 3832 3570 3880 conversor,
3601 3819 3712 3869 bor-

2165 3923 2279 3962 reo.
2311 3908 2497 3962 Dicens
2525 3909 2648 3962 item
2676 3907 2742 3961 de
2763 3905 2852 3959 illa
2883 3924 2895 3958 :
2922 3906 3092 3960 Sitiuit
3120 3908 3293 3960 anima
3334 3924 3446 3961 mea
3474 3909 3539 3959 ad
3562 3907 3712 3959 Deam

2166 3999 2350 4061 uiuum,
2380 3997 2580 4064 quando
2619 3997 2811 4047 veniam
2849 4006 2894 4048 et
2942 3997 3191 4066 apparebo
3234 4004 3354 4048 ante
3408 3999 3587 4064 faciens
3629 3997 3713 4048 Dei

2171 4086 2339 4158 (Psal.
2367 4085 2500 4154 xu)?
2531 4085 2699 4151 Quam
2737 4084 2974 4153 profecto
3001 4086 3165 4150 sitim,
3190 4085 3308 4152 quia
3333 4085 3450 4140 sine
3482 4089 3714 4157 Iacryntis

2169 4175 2306 4230 ferre
2335 4174 2609 4242 nequibat,
2655 4177 2925 4240 sequentia
2956 4174 3114 4226 verba
3143 4174 3415 4228 declarant
3446 4192 3459 4226 :
3492 4171 3713 4228 Fuerant

2169 4265 2291 4317 mihi
2334 4263 2573 4332 lacrymte
2601 4277 2724 4316 mete
2749 4278 2902 4329 panes
2932 4262 3013 4316 die
3039 4278 3099 4315 ac
3128 4274 3292 4318 nocte.
3339 4267 3416 4316 Ac
3459 4265 3505 4318 ai
3543 4273 3714 4332 aperte

2169 4357 2369 4408 diceret
2402 4373 2412 4406 :
2443 4356 2558 4420 Quo
2587 4354 2785 4407 diutius
2816 4369 2845 4406 a
2878 4354 3100 4408 videnda
3133 4349 3268 4409 facie
3314 4354 3433 4418 Dei,
3459 4355 3526 4408 ad
3567 4369 3713 4422 quem

517 4463 678 4533 vulgi,
709 4459 801 4515 sed
829 4460 975 4527 juxta
1007 4465 1310 4509 mensuram
1344 4447 1524 4516 templi
1554 4454 1667 4500 erat
1703 4445 1900 4505 danda,
1925 4446 2064 4496 Men-
2097 4485 2147 4543 Β
2173 4447 2418 4498 ardenter
2459 4446 2602 4511 sitio,
2637 4444 2871 4508 dill‘eror,
2913 4459 2979 4499 eo
3027 4444 3232 4498 dulcius
3283 4459 3418 4512 pane
3469 4445 3715 4514 lacryma-

505 4571 638 4611 sura
689 4565 914 4620 namque
959 4547 1174 4614 templi,
1226 4539 1500 4610 dispositio
1548 4549 1628 4593 est
1672 4538 1863 4591 divina:
1914 4537 2064 4604 legis,

518 4659 673 4712 quam
717 4644 766 4694 in
817 4638 1052 4694 Ecclesia
1084 4651 1177 4689 sua
1212 4635 1464 4686 Dominus
1493 4629 1690 4683 servari
1732 4627 1987 4696 przccipit.
2017 4636 2069 4681 et

520 4735 670 4800 cujus
699 4741 895 4785 tantum
928 4726 1274 4782 observantiae
1303 4734 1498 4777 aeterna
1552 4723 1601 4774 in
1652 4721 1826 4775 futuro
1854 4720 2066 4788 praemia

526 4822 796 4886 promittit.
827 4820 1086 4873 Caeterum
1136 4817 1180 4869 si
1227 4817 1342 4881 quis
1366 4815 1514 4881 juxta
1548 4812 1795 4881 placitum
1829 4811 2071 4864 humana:

511 4914 806 4965 'mluntatis
835 4909 942 4961 Deo
973 4909 1175 4961 servire
1215 4905 1417 4968 nititur,
1452 4904 1570 4965 iste,
1599 4903 1683 4971 qui
1721 4901 1872 4969 juxta
1924 4914 2072 4953 men-

527 5015 704 5055 suram
737 4997 914 5066 templi
948 4995 1221 5061 pecuniam
1252 5007 1358 5044 sua:
1384 4993 1681 5060 devotionis
1719 5006 1820 5042 non
1862 4988 2068 5051 obtulit,

531 5091 801 5162 reprobata
827 5098 879 5142 et
913 5087 1116 5156 abjecta
1135 5085 1402 5169 oblatione
1432 5086 1577 5154 plaga
1610 5086 1807 5138 ultimae
1837 5081 2073 5136 animad-

534 5185 784 5239 versionis
817 5181 1050 5237 ferietur.

1088 5267 1311 5323 CAPUT
1365 5266 1506 5319 LV.

989 5359 1134 5411 Labri
1171 5361 1295 5412 ωηιὶ
1334 5355 1623 5424 descriptio.

603 5449 780 5503 Facies
822 5459 864 5504 et
913 5451 1120 5513 labium,
1162 5460 1266 5503 etc.
1309 5448 1487 5501 Potest
1532 5443 1743 5513 qquem
1792 5445 1892 5496 hoc
1939 5440 2075 5494 labio

532 5539 642 5594 sive
687 5541 849 5604 labro,
884 5549 940 5592 ut
987 5543 1036 5593 in
1077 5539 1417 5609 sequentibus
1466 5535 1786 5606 appellatur,
1817 5535 2077 5603 principa-

534 5631 650 5684 liter
675 5643 806 5696 aqua
855 5630 1180 5696 baptismatis
1227 5627 1475 5695 intelligi;
1527 5627 1677 5694 cujus
1722 5625 1934 5678 lavtcro
1983 5639 2074 5674 ne-

530 5731 678 5772 cesse
709 5724 790 5770 est
820 5725 1105 5784 purgentur
1131 5729 1315 5771 omnes
1354 5716 1438 5784 qui
1473 5714 1720 5770 Ecclesia:
1761 5714 1945 5780 jaunas
1991 5712 2074 5764 iu-

2172 4552 2306 4599 rum,
2338 4551 2467 4605 quas
2496 4538 2545 4588 in
2575 4536 2691 4604 ejus
2723 4537 3034 4590 memoriam
3075 4536 3256 4600 fundo,
3287 4536 3521 4590 reﬁcior.
3564 4537 3715 4602 igitur

2169 4626 2335 4678 altare
2401 4625 2693 4679 buiocausti
2750 4625 3015 4694 lacrymas
3071 4625 3305 4679 insinuat
3351 4628 3711 4699 paenitentiam

2169 4715 2234 4768 de
2266 4715 2513 4782 peccatis,
2563 4729 2680 4782 quae
2725 4723 3024 4784 gesserunt.
3079 4717 3262 4770 Aitare
3312 4717 3516 4772 incensi
3567 4719 3713 4773 fletus

2169 4805 2416 4871 exprimit
2461 4806 2796 4873 gaudentium
2844 4805 2909 4859 de
2959 4806 3111 4862 bonis
3153 4808 3428 4878 operibus,
3471 4825 3585 4878 qua:
3617 4810 3713 4861 Do-

2173 4895 2315 4948 mino
2337 4895 2553 4963 juvante
2571 4895 2932 4964 pet-fecerunt;
2958 4911 3020 4951 ac
3038 4897 3460 4954 desiderantium
3486 4899 3712 4965 praemia,

2172 5003 2288 5056 quae
2316 5002 2372 5042 se
2401 4995 2706 5052 accepturos
2748 4987 2972 5041 Domino
2999 4997 3376 5042 remunerante
3424 4988 3710 5040 conﬁdunt.

2171 5081 2271 5145 Qui
2303 5081 2545 5133 nimirum
2574 5079 2725 5134 fletus
2752 5087 2952 5132 tantum
2990 5078 3243 5146 praecellit
3275 5076 3433 5144 priori
3467 5084 3710 5145 quantum

2171 5178 2458 5224 atramento
2495 5182 2701 5232 aurum,
2749 5176 3003 5235 quantum
3050 5173 3231 5217 sancta
3278 5175 3600 5227 sanctorum,
3632 5165 3714 5216 ubi

2172 5267 2285 5312 erat
2312 5273 2431 5311 arca
2459 5257 2688 5320 Domini,
2718 5255 2875 5322 priori
2903 5253 3264 5317 tabernaculo,
3298 5255 3350 5308 in
3394 5269 3501 5322 quo
3530 5253 3714 5307 cande

2174 5347 2373 5401 labrum
2397 5357 2450 5400 et
2475 5361 2653 5400 mensa
2687 5342 2894 5397 Domini
2921 5343 3117 5406 stabat,
3146 5353 3355 5397 constat
3393 5346 3558 5398 fuisse
3590 5358 3714 5410 pra-

2176 5437 2298 5489 lata.
2335 5425 2458 5489 Post
2497 5437 2662 5488 altare
2691 5448 2815 5486 vero
2843 5431 3134 5486 bolocausti
3182 5431 3384 5485 labrum
3425 5440 3542 5485 erat
3583 5431 3714 5499 pusi-

2175 5537 2304 5587 tum.
2337 5528 2386 5578 in
2421 5539 2523 5594 quo
2551 5526 2846 5578 lavarentur
2873 5522 2960 5590 qui
2991 5521 3055 5573 ad
3091 5521 3260 5575 altare
3307 5522 3511 5574 incensi
3563 5521 3713 5571 intra

2175 5617 2300 5670 bant
2332 5633 2342 5666 :
2375 5616 2492 5683 quia
2539 5629 2692 5665 neruo
2741 5618 2963 5676 repente
3007 5611 3063 5663 iit
3101 5602 3507 5683 summus,rsed
3561 5605 3714 5671 proli-

2175 5681 2432 5759 cientibus
2456 5701 2655 5755 meritis
2675 5700 2894 5769 quisque
2925 5700 3091 5768 primo
3122 5681 3288 5754 debat
3311 5696 3447 5752 bella
3482 5694 3716 5748 vitiorum
