3898 6260
244 374 346 431 ιω

1048 371 1137 427 DE
1176 369 1677 432 TABERNACULO
1718 373 1803 451 ΕΤ
1845 372 2038 429 VASIS
2079 372 2264 430 EJL’S.
2310 384 2376 414 -‘-
2415 375 2540 430 LIB.
2586 375 2671 430 ill.

3353 373 3457 430 £98

231 486 538 549 devincere,
566 483 805 539 deindea
837 482 1122 538 Conditore
1153 497 1249 538 suo
1278 463 1397 538 cum
1422 485 1857 570 compunetio-gA
1889 483 2084 537 elenim
2118 484 2346 538 timenda
2376 493 2454 538 est
2479 485 2671 538 anima:
2701 483 3026 551 spiritualis,’
3048 492 3102 538 et
3149 493 3374 548 eterna.
3411 485 3456 540 si

233 593 306 630 ne
335 577 683 645 Pacrymarum
722 575 939 644 supplex
973 575 1272 643 impetrare.
1303 583 1362 629 ut
1407 590 1503 644 pro
1545 574 1788 646 ingressu

233 665 387 734 regni
426 664 610 719 dulccs
654 664 874 719 fundere
917 664 1072 718 ﬂetus
1116 664 1305 734 possit,
1335 665 1425 734 qui
1471 679 1565 733 pro
1594 666 1786 719 timore

238 770 519 824 pinnarum
577 753 1097 824 pridemfundehat
1151 769 1382 809 amaros.
1431 755 1567 820 Quid
1613 765 1788 809 autem

233 848 407 916 basis,
436 846 488 901 in
521 860 622 916 qua
666 845 807 900 idem
840 845 1046 900 labrum
1089 856 1204 901 erat
1249 847 1572 916 impositum,
1619 848 1793 918 aptius

229 951 390 1005 quam
420 936 590 1005 ipsum
621 935 941 991 desiderium
970 937 1119 1006 regni
1149 946 1203 992 et
1247 936 1366 992 vita
1393 937 1624 995 celestis
1651 938 1791 993 acci-

231 1025 446 1095 piatur?
471 1022 620 1093 cujus
647 1023 892 1078 nimirum
921 1039 1080 1080 causa
1122 1035 1265 1080 tanta
1294 1025 1370 1090 fit,
1399 1036 1456 1082 ut
1485 1025 1702 1096 perfecti
1732 1041 1795 1082 ac

229 1114 425 1172 summi
448 1114 544 1168 viri
574 1113 881 1183 quotidiano
905 1129 965 1169 se
989 1115 1338 1185 lacrymarum
1379 1115 1522 1172 fonte
1551 1116 1793 1182 diluam;

229 1216 292 1261 et
335 1204 475 1275 quod
523 1204 747 1258 necdum
780 1205 1010 1272 perfecte
1054 1204 1278 1258 videndo
1323 1205 1498 1261 valent
1539 1205 1792 1276 gaudium

231 1295 460 1350 interna:
497 1293 712 1364 quietis,
753 1295 939 1349 saltem
983 1293 1297 1362 suspirandu
1339 1295 1635 1363 degustent.
1664 1294 1795 1350 Nam

225 1387 354 1454 quia
413 1386 515 1439 hoc
575 1385 836 1449 lavacro,
901 1383 1041 1453 quod
1105 1382 1241 1439 inter
1303 1384 1692 1438 tabernaculum
1744 1393 1799 1439 et

226 1477 400 1534 altare
447 1476 675 1545 positum
723 1482 826 1542 est,
859 1473 1232 1544 perfectorum,
1273 1474 1520 1544 lacrymte
1577 1473 1798 1542 figuren-

1889 571 2008 641 quis
2037 573 2099 626 ad
2125 571 2468 628 ministerium
2501 573 2679 628 altaris
2705 573 2906 628 electus
2929 573 3218 642 thymiama
3251 572 3454 627 oratio-

1891 679 2014 717 num
2048 664 2154 718 Deo
2183 664 2403 720 reddere
2433 665 2666 735 negligit.
2697 651 2839 720 Mors
2867 665 3095 718 timenda
3120 675 3225 728 est,
3255 666 3300 720 si
3334 665 3454 734 quis

1891 753 1954 806 ad
1999 765 2332 808 sacrosancta
2363 731 2610 825 mysteria
2653 755 2853 825 absque
2906 755 3121 822 speciali
3172 731 3473 808 ablutinnul

1891 845 2309 912 compunctionis
2359 845 2574 914 intrare,
2618 855 2673 902 et
2717 855 2900 901 sancta
2949 845 3157 901 Domini
3202 860 3449 902 commu-

1892 931 2042 988 nibus
2059 934 2298 989 inanibus
2314 941 2537 990 tractare
2566 937 2857 1003 prmeumit.
2883 935 3085 991 Lavent
3111 950 3237 1006 ergo
3262 950 3452 991 manus

1893 1037 2015 1078 snas
2035 1038 2095 1078 ac
2123 1019 2352 1092 pedesin
2365 1039 2495 1092 aqua
2519 1025 2647 1082 labri
2669 1029 2890 1092 :enei,et
2911 1027 2988 1080 sic
3015 1026 3082 1080 ad
3108 1027 3277 1080 altare
3294 1040 3452 1082 acce-

1894 1114 2039 1168 dant.
2084 1114 2309 1169 Abluant
2335 1130 2463 1186 ergo
2500 1116 2747 1188 laerymis
2794 1126 2945 1172 actus
2989 1126 3042 1172 et
3091 1116 3352 1181 incusans,
3382 1131 3447 1172 ac

1895 1203 2088 1261 deinde
2117 1220 2300 1260 manus
2326 1205 2391 1260 ad
2422 1205 2772 1277 contiugenda
2797 1207 2996 1263 Christi
3046 1207 3292 1277 mysteria
3330 1222 3454 1277 pro-

1899 1294 2088 1359 ferunt,
2131 1295 2425 1365 pedumque
2464 1312 2678 1366 gressus
2723 1301 2774 1352 in
2820 1299 2950 1352 atria
2987 1298 3190 1352 Domini
3233 1310 3448 1367 ponant.

1896 1384 2048 1450 Quod
2088 1401 2236 1453 neque
2270 1399 2585 1454 praeceptum
2626 1403 2745 1442 reor
2782 1387 2862 1441 bis
2900 1387 2991 1457 qui
3018 1391 3329 1442 earumdem
3356 1381 3464 1443 sa-i

1897 1483 2286 1530 cramentorum
2329 1478 2663 1547 perceptione
2706 1477 2993 1533 mundandi
3038 1486 3180 1544 sunt,
3227 1487 3297 1548 ut,
3324 1491 3449 1532 can"-

228 1574 341 1632 tur,
373 1573 634 1620 testantur
687 1565 797 1634 ipsa
841 1564 1001 1620 verba
1047 1563 1236 1634 quibus
1278 1562 1511 1618 dicitur:
1544 1563 1606 1617 Et
1642 1562 1797 1615 inissa
1901 1563 2035 1619 tiore
2070 1579 2194 1619 cura
2224 1566 2386 1634 prius,
2420 1577 2568 1622 actus
2595 1581 2719 1622 suos
2748 1567 3112 1637 cogitatusque
3138 1568 3444 1635 discutiant,

226 1654 388 1726 aqua
414 1655 661 1711 lavabunt
689 1652 742 1708 in
772 1667 836 1709 ea
864 1655 1042 1710 Aaron
1085 1664 1138 1710 et
1167 1654 1261 1708 lilii
1302 1655 1415 1723 ejus
1462 1667 1650 1708 manus
1677 1665 1800 1705 suas
1901 1653 2208 1720 eventilent,
2244 1666 2484 1723 purgent,
2510 1671 2572 1713 ac
2610 1656 2690 1712 sic
2725 1657 2790 1710 ad
2837 1655 3192 1724 participanda
3218 1656 3336 1711 lldei
3366 1672 3451 1710 sa-

224 1761 295 1799 ae
346 1745 530 1815 pedes.
586 1743 769 1812 Neque
821 1745 964 1800 enim
1019 1745 1296 1814 quisquam
1334 1728 1337 1732 ’
1372 1744 1441 1800 de
1506 1743 1658 1813 plebe
1729 1743 1800 1797 ibi
1904 1752 2167 1796 crementa
2227 1737 2534 1811 procedant,
2587 1758 2655 1799 ne
2717 1744 2900 1798 audire
2956 1751 3257 1798 mereantur
3319 1745 3445 1798 illud

226 1833 424 1897 lavari;
453 1833 549 1888 sed
596 1835 708 1902 ipse
739 1832 976 1903 pontifex
1005 1835 1186 1900 jussus
1222 1843 1306 1888 est
1332 1841 1385 1888 et
1415 1833 1505 1888 lilii
1549 1833 1684 1902 ejus,
1717 1832 1785 1886 vi-
1821 1832 1866 1892 Β
1891 1834 2126 1903 Apostoli
2156 1850 2172 1888 :
2202 1835 2494 1905 Quicunque
2521 1836 2653 1890 enim
2677 1837 2953 1891 manducet
2994 1847 3039 1892 et
3067 1836 3188 1890 bibit
3217 1838 3444 1906 indigne,

227 1921 430 1978 delicet
450 1923 754 1978 sacerdotes
783 1922 975 1994 gradus
1000 1921 1289 1987 inferioris,
1311 1925 1451 1992 quod
1482 1937 1790 1992 magnorum
1881 1924 2138 1995 judicium
2161 1924 2255 1978 sibi
2284 1927 2560 1979 manducet
2585 1935 2632 1980 et
2661 1925 2805 1994 bibit,
2828 1943 2928 1980 non
2950 1927 3240 1996 dijudicans
3268 1942 3449 1996 corpus

235 2013 496 2080 virorum,
544 2014 680 2068 sicut
729 2011 1010 2082 perfectior
1056 2013 1182 2078 vita,
1232 2012 1310 2068 sic
1355 2021 1408 2068 et
1453 2012 1793 2082 compnnctio

231 2103 374 2159 solet
415 2118 538 2160 esse
579 2103 879 2158 sublimior.
910 2103 1025 2159 Non
1055 2113 1231 2159 autem
1280 2105 1380 2159 hoc
1425 2102 1496 2157 ita
1541 2101 1792 2168 dicimus,

213 2194 387 2264 quasi
413 2195 513 2257 soli
546 2195 729 2249 altaris
757 2196 982 2250 ministri
1024 2196 1319 2265 hujusmoili
1350 2178 1791 2266 compunctionis,

235 2285 326 2342 vel
364 2286 572 2356 possint
602 2284 820 2352 habere,
852 2286 932 2340 vel
971 2285 1199 2341 debeant
1227 2287 1512 2351 virtutem;
1543 2286 1652 2340 sed.
1674 2299 1798 2339 me—
1825 2340 1830 2345 ,

238 2389 421 2431 mores
451 2376 711 2431 sermonis
736 2374 877 2430 beati
906 2375 1047 2430 Petri
1075 2375 1432 2445 apostoli,.qui
1459 2390 1563 2446 quo
1592 2373 1797 2429 cunctis

238 2468 483 2524 lidelibus
515 2468 756 2538 loquens,
786 2467 853 2523 de
894 2467 1133 2537 angulari
1164 2464 1360 2535 lapide,
1391 2463 1481 2534 qui
1525 2471 1609 2518 est
1634 2462 1798 2518 Chri-

235 2571 374 2625 stus,
404 2559 476 2613 ait
505 2577 518 2612 :
547 2557 614 2612 Et
642 2560 738 2630 ipsi
763 2569 1008 2628 tanquam
1052 2558 1245 2628 lapides
1278 2556 1398 2626 eisi,
1421 2555 1799 2628 supersediﬁcao

235 2648 364 2701 mini
387 2649 562 2701 domus
590 2648 899 2718 spirituales,
943 2647 1282 2703 sacerdotium
1301 2655 1556 2711 sanctum,
1585 2643 1803 2714 o/Ieren-

235 2747 314 2789 tcs
339 2736 625 2804 spirituales
645 2737 836 2790 bestias
866 2733 918 2806 (Ι
942 2734 1084 2791 Petr.
1115 2737 1195 2806 ιι).
1230 2735 1294 2791 Et
1319 2735 1460 2807 quod
1487 2733 1800 2790 Joannes’in

237 2824 554 2893 Apocalypsi
589 2842 600 2876 :
626 2823 834 2890 Beatus,
869 2821 1057 2894 inquit,
1085 2833 1130 2878 et
1157 2833 1382 2888 sanctus,
1405 2825 1492 2893 qui
1517 2824 1665 2878 habet
1686 2838 1800 2893 par-

235 2925 338 2968 tem
364 2914 416 2967 in
445 2915 810 2969 resurrectione
837 2915 1034 2983 prima;
1063 2915 1114 2967 in
1148 2913 1228 2967 ftis
1261 2915 1485 2968 secunda
1525 2929 1661 2966 mors
1698 2927 1801 2966 non

237 3005 386 3059 habet
425 3016 740 3077 potestatem,
776 3007 864 3062 sed
902 3016 1048 3060 erunt
1085 3007 1368 3061 sacerdotes
1394 3005 1491 3061 Dei
1519 3016 1568 3061 et
1612 3005 1802 3061 Christi

238 3099 428 3165 (Apoc.
474 3097 587 3169 xx).
613 3097 976 3155 Admonemus
1002 3112 1189 3154 omnes
1218 3097 1402 3154 lideles
1447 3097 1671 3170 mystico
1719 3112 1803 3152 sa-

233 3190 507 3246 cerdotum
535 3192 748 3246 nomine
765 3191 994 3259 censeri,
1009 3199 1190 3262 utpote
1210 3190 1443 3248 membra
1457 3188 1650 3246 Christi
1667 3190 1803 3244 vide-

239 3282 366 3335 licet
387 3283 675 3338 sacerdmis
689 3293 925 3338 eterna.
943 3284 1142 3351 Quibus
1163 3284 1321 3339 etiam
1333 3284 1519 3340 beatus
1534 3283 1800 3353 apostolus

244 3369 462 3436 Paulus,
501 3371 625 3440 quid
657 3371 986 3427 victimarum
1026 3372 1219 3446 oﬂ'erre
1263 3374 1516 3440 debeant,
1542 3375 1796 3442 ostendit,

237 3463 464 3518 dicens:
497 3462 714 3520 Obsecro
757 3481 864 3535 eos,
897 3467 1104 3535 fratres,
1132 3482 1223 3536 per
1252 3468 1651 3524 misericordiane
1680 3469 1796 3538 Dei,

150 3575 165 3585 -
239 3564 298 3607 ut
324 3555 597 3610 exlribeatis
616 3573 825 3627 corpora
843 3567 1002 3612 vestra
1030 3559 1240 3612 hostiam
1260 3560 1521 3628 viventem,
1546 3571 1794 3626 sanctam,

249 3643 360 3696 Deo
381 3645 658 3714 placentem
684 3647 855 3715 (Rom.
892 3647 1007 3713 xu).
1037 3646 1152 3700 Non
1181 3662 1308 3716 ergo
1342 3650 1512 3703 solum
1544 3647 1798 3702 ministris

242 3734 381 3787 sacri
411 3734 616 3800 altaris,
639 3735 731 3789 sed
754 3745 810 3789 et
833 3737 1078 3790 omnibus
1103 3734 1350 3805 perfectis
1395 3737 1446 3790 in
1485 3751 1797 3806 quocunque

238 3822 406 3892 gradu
434 3823 618 3893 positis
647 3824 749 3879 hoc
781 3826 1043 3879 lavacrum
1069 3827 1243 3895 posuit
1270 3825 1508 3898 Moyses;
1541 3827 1661 3897 quia
1704 3829 1790 3882 lex

245 3913 340 3967 Dei
368 3913 684 3984 generaliter
712 3915 920 3971 cunctis
964 3915 1214 3972 fidelibus
1255 3917 1476 3988 gratiam
1506 3917 1794 3974 salutifera:

236 4003 658 4072 compunctionis
685 4003 1006 4073 prtedicavit.
1038 4008 1188 4074 Quod
1217 4009 1263 4063 si
1291 4010 1343 4070 in
1372 4024 1595 4078 persona
1619 4012 1793 4065 Aaron

237 4094 412 4161 ipsum
469 4110 714 4166 magnum
781 4098 1084 4166 pontificem
1140 4099 1420 4155 Dominum
1465 4100 1792 4157 Salvaturem

240 4184 487 4253 accipere
526 4188 791 4256 volumus,
837 4201 1043 4246 constat
1089 4193 1248 4248 etiam
1300 4210 1420 4250 eum
1471 4197 1625 4265 hujus
1663 4211 1795 4265 aqua

244 4272 403 4339 labri,
451 4276 752 4350 priusquam
783 4280 850 4334 ad
892 4282 1061 4338 altare
1086 4285 1358 4343 oblaturus
1390 4287 1630 4354 intraret,
1676 4301 1796 4344 esse

237 4367 436 4432 lutum;
465 4367 584 4437 quia
634 4369 934 4438 priusquam
990 4375 1276 4445 thymium
1325 4381 1408 4434 sui
1463 4381 1787 4436 sacrosanCti

1893 2010 2098 2065 Domini
2125 2009 2180 2081 (1
2209 2011 2330 2066 Cor.
2365 2013 2468 2084 xi);
2503 2012 2554 2068 id
2593 2023 2698 2082 est,
2729 2028 3053 2085 nequaquam
3085 2015 3314 2069 eJulium
3342 2015 3447 2069 vivi

1895 2105 2042 2173 panis
2069 2117 2100 2157 a
2132 2103 2485 2159 communium
2530 2119 2771 2160 escarum
2800 2107 3002 2162 vilitate
3043 2114 3196 2159 cauta
3223 2114 3276 2160 et
3303 2106 3453 2160 solli-

1893 2195 1996 2249 cita
2027 2201 2110 2250 est
2136 2204 2312 2250 mente
2348 2208 2652 2271 secernens.
2689 2195 2814 2251 Haec
2841 2196 2908 2252 de
2951 2196 3100 2250 labro
3144 2204 3198 2250 et
3237 2197 3448 2251 introitu

1895 2284 1962 2338 ad
1987 2285 2153 2339 altare
2186 2294 2404 2355 possunt
2447 2286 2606 2340 etiam
2655 2285 2757 2341 hoc
2804 2285 2963 2340 modo
3009 2285 3230 2339 multum
3261 2286 3451 2341 utiliter

1895 2373 2092 2442 accipi;
2142 2376 2385 2442 quamvis
2439 2375 2801 2446 principaliter
2856 2374 2982 2430 illud
3031 2374 3194 2428 altare
3247 2374 3450 2429 interna

1895 2465 2189 2520 orationum
2249 2467 2600 2534 spiritualium
2677 2477 2795 2522 vota
2874 2467 3155 2539 significet.
3217 2466 3450 2535 Diligen-

1896 2556 1999 2611 tius
2029 2570 2153 2611 vero
2180 2557 2485 2613 intuendum
2534 2568 2615 2614 est
2647 2559 2788 2630 quod
2840 2560 2895 2614 iu
2946 2556 3284 2614 conclusione
3326 2558 3442 2611 sub-

1895 2650 2135 2721 jungitur
2163 2669 2177 2707 :

1968 2737 2270 2809 Legitimnm
2319 2742 2674 2810 smpiternunt
2719 2744 2812 2797 erit
2860 2744 2980 2813 ipsi,
3037 2750 3142 2797 etc.
3172 2740 3282 2797 Etsi
3311 2740 3452 2796 enim

1902 2829 2125 2894 labrum,
2174 2831 2288 2885 sive
2323 2833 2510 2896 altare,
2541 2833 2680 2900 quod
2735 2833 2857 2886 fecit
2887 2832 3093 2902 elapsos
3119 2830 3377 2893 ablatum,
3405 2832 3450 2883 si

1900 2921 2248 2977 sacerdminm
2308 2924 2445 2993 quod
2494 2924 2764 2978 constituit
2816 2937 2957 2978 novo
2987 2921 3232 2976 Ecclesia:
3261 2933 3449 2974 sacer-

1902 3014 2102 3070 dotium
2122 3026 2380 3071 mutatum
2399 3026 2500 3082 est,
2523 3016 2865 3071 nihilominus
2885 3017 3259 3083 sempiternum
3275 3023 3460 3070 manet

1905 3102 2191 3175 legitimum
2220 3105 2436 3173 lavacri,
2468 3115 2523 3161 et
2546 3105 2749 3160 incensi
2795 3103 3084 3173 spiritualis
3114 3102 3168 3156 in
3194 3101 3295 3154 sita
3325 3100 3452 3153 lide-

1903 3195 2057 3263 lium;
2100 3198 2238 3267 quod
2267 3213 2363 3268 per
2412 3199 2700 3270 thymiama
2749 3197 2890 3254 illius
2915 3196 3118 3260 altaris,
3159 3206 3457 3263 aquamque

1899 3285 2042 3341 illius
2073 3285 2207 3343 labri
2252 3286 2426 3357 typice
2449 3286 2710 3356 signatum
2739 3294 2860 3352 est;
2887 3284 3024 3340 sicut
3058 3292 3112 3338 et
3153 3281 3301 3352 plura
3327 3280 3448 3347 alia,

1899 3393 2016 3448 qua:
2047 3379 2129 3434 lex
2153 3378 2266 3434 fieri
2308 3379 2484 3447 jussit,
2514 3377 2626 3433 sive
2656 3384 2911 3445 perpetuo
2953 3374 3155 3442 agenda
3201 3373 3282 3427 vel
3309 3373 3452 3427 cele-

1899 3468 2098 3523 branda
2146 3465 2407 3535 praedixit,
2431 3465 2495 3519 ad
2536 3464 2764 3520 litteram
2793 3464 3004 3534 quidem
3032 3461 3300 3516 observari
3329 3475 3447 3513 ceso

1897 3566 2109 3622 sarunt;
2142 3556 2234 3611 sed
2261 3557 2405 3624 juxta
2429 3555 2654 3627 typicam
2673 3554 3068 3624 intelligentiam
3098 3550 3452 3624 spiritualiter

1898 3649 2164 3703 observari
2195 3664 2225 3702 a
2254 3648 2452 3702 sanctis
2480 3662 2746 3717 nunquam
2767 3648 3068 3712 cessabunt,
3097 3654 3320 3700 testante
3359 3641 3449 3697 illo

1897 3725 1986 3804 qui
2046 3752 2150 3790 non
2217 3739 2360 3790 venit
2429 3737 2639 3791 solvere
2687 3736 2878 3806 legem,
2947 3737 3041 3790 sed
3098 3733 3384 3800 adimplere
3436 3749 3451 3785 :

1902 3833 2036 3900 Quid
2070 3833 2173 3885 iota
2205 3847 2357 3884 unum
2398 3839 2483 3883 aut
2513 3845 2644 3884 unus
2672 3844 2809 3896 apex
2827 3844 2926 3880 non
2950 3826 3220 3894 prwteribit
3258 3841 3287 3874 α
3317 3823 3448 3891 legs,

1897 3925 2058 3978 donec
2083 3924 2250 3978 omnia
2276 3923 2400 3992 ﬁant
2445 3920 2654 3991 (Matth.
2693 3920 2769 3988 v).
2797 3919 2925 3972 Nam
2955 3926 3009 3972 et
3037 3925 3217 3973 nostra
3240 3915 3452 3970 humili-

1900 4027 1977 4071 tas
2023 4015 2088 4070 ad
2143 4015 2269 4071 illud
2313 4027 2494 4070 semen
2535 4011 2787 4082 pertinet,
2836 4010 2904 4064 de
2931 4023 3035 4077 quo
3087 4009 3285 4061 dictum
3316 4013 3446 4059 est:

1897 4109 2026 4175 Quia
2083 4107 2372 4176 legitimum
2416 4103 2796 4174 sempiternum
2844 4101 2948 4155 erit
2997 4099 3118 4167 ipsi,
3184 4107 3236 4151 et
3257 4095 3446 4152 semini

1895 4199 2008 4264 ejus
2039 4211 2132 4265 per
2151 4195 2544 4257 successiones;
2574 4206 2678 4246 non
2717 4189 2927 4258 quidem
2969 4189 3038 4243 de
3066 4187 3240 4240 Aaron
3286 4188 3450 4254 stirpe

1896 4287 2182 4354 nascendo,
2235 4286 2329 4342 sed
2384 4284 2648 4341 credendo
2701 4284 2752 4336 in
2802 4295 2944 4345 eum,
3001 4279 3053 4333 in
3084 4293 3237 4347 quem
3268 4275 3447 4332 Aaron

1897 4396 2014 4436 cum
2047 4381 2246 4435 sanctis
2269 4412 2278 4416 η
2299 4379 2413 4448 ejus
2442 4377 2538 4432 :evi
2585 4373 2840 4437 credidit;
2873 4372 2939 4426 de
2967 4384 3071 4438 quo
3128 4369 3445 4437 promissum

237 4457 482 4524 corporis
524 4467 736 4528 propter
782 4461 1004 4516 salutem
1049 4476 1285 4521 nostram
1326 4468 1379 4522 in
1422 4467 1575 4523 altari
1618 4471 1787 4525 crucis
1823 4499 1874 4560 η
1899 4482 1982 4528 est
2020 4472 2266 4536 Abrahae,
2298 4471 2430 4536 Quia
2452 4470 2506 4522 in
2550 4466 2736 4522 semine
2759 4473 2847 4517 tuo
2897 4460 3245 4514 benedicentur
3284 4471 3452 4560 omnes

239 4549 569 4615 incenderet,
605 4565 698 4617 pro
727 4563 907 4608 nostro
946 4567 1128 4609 amore
1155 4559 1314 4610 etiam
1354 4559 1613 4630 lacrymas
1640 4561 1792 4627 fudit,

239 4637 386 4707 quod
415 4639 468 4691 ln
503 4642 909 4698 resuscitatione
951 4643 1132 4700 Lauri
1158 4647 1504 4706 celeberrime
1549 4651 1795 4710 innotuit.

240 4731 386 4785 Bene
411 4739 586 4786 autem
614 4734 827 4790 additur
853 4751 868 4790 :

320 4820 386 4875 Ut
426 4821 644 4891 olfactu
690 4825 741 4879 in
791 4842 852 4889 eo
894 4828 1172 4899 thymiama
1216 4831 1455 4903 Domino,
1505 4845 1609 4892 etc.
1661 4837 1798 4893 Ilors

1898 4565 2276 4634 [auailitetmar
2305 4560 2458 4629 (Gen.
2489 4559 2638 4627 xxv).
2675 4557 2906 4622 Quarum
2939 4549 3259 4605 mentionem
3291 4545 3444 4599 fauni-

1903 4659 2088 4712 liarum
2122 4657 2318 4709 faciens
2350 4654 2528 4707 Esaias
2573 4651 2646 4705 ait
2682 4667 2693 4701 :
2731 4649 2920 4702 Omnes
2961 4646 3048 4715 qui
3079 4643 3293 4697 viderint
3345 4655 3451 4702 eos,

1899 4753 2188 4814 cognoscent
2211 4760 2331 4806 eos;
2362 4743 2481 4812 quia
2508 4742 2590 4796 isti
2609 4749 2724 4795 sunt
2747 4755 2913 4795 semen
2939 4738 3019 4791 cui
3058 4731 3311 4790 benedixit
3342 4729 3448 4782 Dov

1896 4819 2060 4911 minus
2087 4835 2239 4904 (lsei.
2266 4835 2391 4904 ut).
