3898 6260
570 428 673 485 499

1085 429 1278 484 θευιε
1320 427 1759 484 VENERABILIS
1791 424 2073 509 υΡΕλως
2111 423 2284 480 PARS
2323 424 2384 479 il.
2408 452 2477 464 —
2507 423 2888 479 EXEGETICA
2928 421 3247 478 CENUINA.

573 554 3768 597 Μ

1074 712 1235 834 IN
1300 705 2210 833 .SAMUELEM
2259 604 3200 828 PROPHETAM

1368 951 2162 1062 ALLEGORICA
2237 954 2951 1060 EXPOSITIO.

1921 1223 2371 1330 astrologus.

636 1515 874 1570 Studium
918 1512 1070 1568 nobis
1097 1509 1546 1579 lrequentiamque
1597 1502 1804 1576 legendi
1831 1516 1894 1556 ac
1937 1501 2101 1555 medio
2135 1507 2175 1561 Α
2204 1497 2504 1553 noverimus
2528 1497 2835 1560 exsculpere
2865 1504 3098 1556 sensum,
3135 1491 3222 1560 qui
3252 1507 3350 1548 nos
3381 1493 3640 1551 vivaciter
3675 1497 3754 1552 in.

569 1605 712 1659 tandi
763 1606 966 1660 litteras
987 1609 1196 1656 sanctas
1247 1597 1621 1652 commendans
1665 1593 1949 1662 Apostolus
1995 1593 2106 1645 ait:

570 1697 907 1762 Quacunque
935 1692 1074 1746 enim
1120 1689 1316 1758 scripta
1369 1697 1520 1750 sunt,
1551 1686 1614 1740 al
1644 1693 1874 1738 nostram
1917 1681 2112 1736 doctri-

571 1797 691 1837 nam
721 1784 911 1850 scripta
941 1790 1080 1844 sunt;
1108 1786 1163 1831 ut
1189 1792 1276 1846 per
1293 1774 1590 1846 patientiam
1619 1782 1668 1827 et
1697 1769 2111 1825 consolat'onem

571 1873 957 1941 Scripturarum
986 1885 1131 1939 spem
1164 1869 1470 1923 habeamus.
1527 1864 1588 1918 Et
1618 1863 1740 1917 alibi
1776 1881 1789 1915 :
1823 1863 2006 1916 Omnia
2058 1861 2110 1914 in

569 1964 728 2031 ﬁgura
758 1959 1122 2029 contingebant
1151 1958 1268 2010 illis.
1303 1954 1504 2022 Scripta
1543 1960 1664 2007 sunt
1707 1949 1771 2003 ad
1813 1949 2112 2015 correptio-

569 2069 686 2106 nem
717 2036 968 2114 nostram,
997 2049 1048 2103 in
1080 2061 1210 2116 quos
1241 2046 1372 2100 lines
1411 2043 1724 2098 surculorum
1756 2039 2106 2093 devenerunt.

570 2141 673 2197 Sed
695 2153 747 2198 et
767 2140 948 2194 beatus
966 2137 1237 2206 apostolus
1265 2134 1448 2189 Petrus
1483 2129 1757 2186 dominica:
1787 2127 2108 2182 incarnatio-

571 2234 674 2298 nis,
707 2229 983 2300 passionis,
1007 2236 1061 2281 et
1091 2225 1395 2295 posterioris
1423 2223 1602 2292 gloria:
1631 2231 1862 2290 tempora
1878 2231 2102 2273 commc-

485 2379 496 2392 ,
573 2335 798 2384 morans,
826 2318 953 2372 dicit
1000 2318 1135 2370 inter
1159 2325 1384 2370 cretera:
1437 2313 1500 2367 Et
1529 2326 1714 2366 omnes
1758 2310 2032 2378 propheta
2081 2321 2110 2359 a

571 2409 801 2474 Samuel,
851 2415 904 2461 et
946 2407 1191 2476 deinceps
1219 2406 1306 2474 qui
1345 2403 1501 2458 locuti
1532 2411 1672 2466 sunt,
1713 2401 1870 2456 etiam
1900 2414 2103 2454 annun-

574 2500 829 2554 tiaverunt
855 2497 967 2551 dies
1009 2496 1156 2551 istos.
1191 2494 1246 2552 Si
1274 2495 1412 2550 enim
1454 2493 1518 2546 ad
1561 2503 1792 2548 nostram
1823 2493 2111 2559 correptio-

575 2605 713 2654 nem,
759 2587 1046 2644 doctrinam
1094 2584 1174 2641 vel
1217 2587 1628 2641 consolationem
1689 2585 1864 2640 omnia
1916 2583 2111 2649 scripta

566 2688 708 2744 sunt,
738 2693 833 2732 nec
877 2676 974 2731 soli
1004 2676 1292 2731 Hieremias
1311 2687 1365 2729 et
1400 2675 1602 2738 Esaias,
1633 2673 1913 2739 ceterique
1959 2671 2109 2735 tales,

568 2767 657 2834 qui
686 2769 853 2820 verbis
885 2766 1052 2819 lutura
1079 2765 1523 2834 signiﬁcaverunt,
1547 2761 1639 2816 sed
1669 2773 1723 2815 et
1747 2760 1978 2825 Samuel,
2019 2758 2112 2812 Jo-

2213 1585 2376 1639 terius
2427 1582 2755 1652 castigando,
2810 1579 3118 1643 erudiendo,
3167 1583 3496 1636 consolando
3548 1585 3753 1639 reﬁcit?

2216 1672 2361 1727 Unde
2391 1683 2481 1726 tuo
2519 1673 2706 1724 crebro
2762 1668 3103 1723 dilectissime
3155 1683 3218 1722 ac
3272 1668 3756 1729 desiderantissime

2213 1761 2444 1814 omnium
2487 1758 2572 1829 qui
2629 1759 2680 1813 in
2714 1758 2867 1812 terris
2906 1768 3178 1813 morantur
3223 1759 3557 1827 antistitum,
3601 1769 3756 1832 Acca,

2216 1861 2524 1920 provocatus
2554 1851 2779 1913 hortatu,
2815 1853 2916 1905 tuis
2937 1853 3100 1905 lretus
3121 1850 3470 1918 orationibus,
3483 1840 3758 1910 memorati

2215 1942 2480 2009 prophetae
2504 1941 2590 2010 qui
2615 1951 2735 1994 tunc
2752 1941 3035 1993 vocabatur
3063 1938 3278 2004 Videns,
3331 1943 3527 2008 scripta
3578 1947 3745 2011 ρετιιι.

2213 2041 2410 2096 strans,
2453 2033 2498 2085 si
2547 2032 2670 2100 quid
2695 2032 2924 2085 donante
2965 2029 3056 2086 illo
3085 2028 3174 2096 qui
3195 2031 3241 2105 ei
3275 2031 3437 2084 multa
3466 2034 3748 2101 spiritualia

2213 2120 2356 2173 dedit
2400 2119 2601 2184 videre,
2641 2119 2912 2187 spirituale
2939 2132 3002 2173 ac
3048 2119 3328 2188 mysticum
3379 2130 3600 2187 potuero
3642 2139 3758 2177 con.

2214 2211 2367 2273 tueri,
2397 2210 2582 2263 litteris
2636 2208 2884 2262 mandare
2917 2209 3134 2262 curabo.
3170 2207 3232 2261 Et
3283 2221 3400 2276 post
3423 2212 3756 2280 qualemcun-

2211 2316 2314 2370 que
2359 2301 2744 2367 expositionem
2813 2300 2948 2354 beati
3002 2299 3158 2353 Lucae
3228 2301 3515 2366 dictorum,
3578 2305 3756 2370 quibus

2213 2392 2562 2462 evangelicos,
2598 2392 2677 2444 vel
2709 2391 2876 2458 ipsius
2905 2387 3111 2443 Domini
3160 2390 3241 2443 vel
3265 2391 3622 2458 apostolorum
3653 2394 3757 2459 ejus

2212 2493 2360 2538 actus
2389 2482 2660 2547 describit,
2684 2481 2844 2536 etiam
2870 2481 3009 2547 hunc
3029 2480 3417 2536 sanctissimum
3452 2482 3676 2536 Domino
3698 2499 3750 2536 ex

2214 2575 2396 2628 matris
2425 2582 2576 2627 utero
2605 2574 2929 2634 Naaareum,
2971 2585 3075 2623 non
3117 2571 3287 2624 minus
3322 2573 3430 2623 suis
3458 2572 3510 2626 in
3560 2572 3756 2640 scriptis

2212 2662 2567 2730 evangelista,
2591 2676 2745 2728 quam
2777 2659 3008 2713 historici
3036 2659 3271 2713 functum
3313 2661 3489 2715 oflicio
3542 2663 3754 2729 probare

2213 2764 2477 2820 satagam;
2506 2753 2699 2820 quippe
2722 2751 2809 2819 qui
2843 2757 2896 2802 et
2925 2749 3036 2816 ipse
3057 2751 3233 2802 omnia
3261 2751 3567 2804 mediatoris
3597 2751 3686 2806 Dei
3710 2763 3756 2806 et

571 2868 691 2918 ηας,
735 2862 787 2906 ει
815 2853 967 2915 Eua.
1012 2867 1299 2926 eorumque
1341 2851 1665 2915 consimiles,
1690 2849 1776 2918 qui
1822 2848 2106 2919 preter-ila,
2139 2844 2186 2903 Β
2215 2841 2509 2904 hominutn,
2535 2840 2759 2894 hominis
2785 2837 2910 2893 Jesu
2933 2837 3128 2893 Christi
3156 2851 3507 2906 sacramenta,
3541 2842 3749 2911 ﬁgurato

571 2943 650 2998 vel
668 2943 874 3007 sua,vel
895 2931 1114 2998 θεῖοι-ἱππ
1130 2950 1277 3012 gesta
1295 2941 1403 2996 sive
1431 2940 1568 2994 dicta
1598 2937 2112 3005 conscripsere,dies

568 3034 718 3099 istos,
743 3031 839 3087 hoc
867 3042 966 3098 est,
993 3048 1137 3087 nova:
1165 3033 1346 3104 gratia:
1366 3033 1483 3087 luce
1512 3030 1778 3086 radiantes
1806 3029 2109 3093 insinuant;

569 3123 911 3178 insistendum
943 3123 1094 3177 nobis
1115 3137 1450 3191 summOpere
1472 3129 1570 3184 est,
1603 3129 1655 3174 et
1680 3135 1774 3188 pro
1796 3134 1892 3175 suo
1917 3119 2110 3190 cuique

566 3211 794 3275 modulo,
817 3212 1007 3264 Christi
1032 3212 1247 3280 juvante
1272 3212 1460 3280 gratia,
1485 3209 1776 3273 nitendum,
1803 3223 1868 3262 ne
1895 3224 1956 3263 ea
1989 3225 2106 3276 qua

568 3308 780 3368 propter
820 3312 914 3350 nos
938 3301 1136 3366 scripta
1181 3306 1320 3361 sunt,
1348 3306 1528 3350 nostro
1557 3312 1653 3351 nos
1684 3304 1896 3364 torpore
1931 3297 2011 3351 vel
2036 3299 2112 3351 in-

569 3387 710 3441 curia
733 3388 881 3455 quasi
925 3387 1094 3441 aliena
1131 3396 1463 3455 pra-terreant.
1492 3387 1594 3442 Sed
1623 3403 1725 3457 quo
1761 3402 1920 3441 sensu
1949 3389 1998 3442 in
2028 3389 2112 3443 his

565 3477 966 3544 correptioncm,
999 3491 1097 3545 qua
1129 3475 1330 3532 ratione
1353 3478 1666 3542 doctrinam,
1715 3493 1819 3547 quo
1846 3478 2113 3534 intellectu

567 3567 975 3622 consolationem
1027 3568 1409 3631 nanciscamur,
1469 3570 1690 3638 qualiter
1761 3570 1937 3623 omnia
1998 3569 2112 3625 dies

568 3659 695 3710 istos
741 3657 1020 3725 loquantur
1051 3669 1104 3712 et
1131 3659 1460 3724 annuntient,
1492 3659 1716 3715 sollicite
1755 3675 1816 3715 ac
1844 3661 2114 3729 vigilanter

567 3745 920 3810 intendamus;
970 3747 1235 3803 imitantes
1287 3764 1381 3817 pro
1432 3759 1590 3817 captu
1635 3753 1801 3805 nostri
1860 3752 2110 3822 ingenioli

569 3833 790 3888 szribam
817 3833 961 3888 illum
992 3835 1202 3898 doctum
1238 3837 1288 3890 in
1311 3851 1470 3904 regno
1494 3839 1771 3903 caelorum,
1791 3842 1878 3908 qui
1911 3841 2113 3908 profert

569 3923 634 3978 de
665 3921 908 3978 thesauro
949 3937 1044 3977 suo
1085 3939 1218 3978 nova
1250 3935 1304 3979 et
1334 3933 1530 3980 vetera.
1563 3925 1690 3979 Nam
1717 3927 1760 3980 si
1788 3936 1964 3980 vetera
1997 3936 2111 3982 tan-

569 4012 841 4067 tummodo
886 4011 954 4068 de
981 4012 1230 4068 thesauro
1258 4012 1655 4082 Scripturarum
1712 4015 1966 4083 proferre,
2015 4017 2114 4070 hoc

563 4111 663 4169 est,
691 4105 830 4157 solas
871 4101 1061 4156 littera:
1107 4102 1302 4172 ﬁguras
1330 4105 1476 4172 sequi
1529 4103 1746 4159 Judaico
1793 4119 1940 4160 more
1961 4119 2112 4159 cura-

2217 2931 2386 2986 ﬁdelis
2439 2929 2695 2996 historia,
2742 2929 2837 2985 sed
2878 2929 3186 3000 plenissimo
3210 2931 3503 2998 designavit
3533 2932 3748 3000 eloquio.

2213 3021 2448 3090 Denique
2475 3031 2529 3075 ut
2559 3021 2624 3076 de
2655 3022 2861 3076 ueteris
2886 3032 3106 3086 taceam,
3125 3021 3167 3075 si
3201 3021 3352 3075 unius
3379 3021 3562 3087 David,
3595 3024 3751 3077 locum

2215 3113 2524 3176 nativitatis,
2557 3112 2787 3168 officium
2818 3113 3062 3180 pastoris,
3097 3111 3338 3165 ruborem
3391 3127 3453 3167 ac
3477 3113 3750 3181 pulchritu-

2211 3204 2386 3259 dinem
2409 3211 2676 3270 aspectus,
2706 3201 2917 3255 modum
2947 3199 3226 3262 unctionis,
3259 3200 3466 3268 insigne
3486 3202 3750 3266 virtutum,

2214 3296 2415 3366 pondus
2450 3294 2872 3359 tribulationum,
2919 3301 2972 3346 et
3013 3291 3253 3361 promissi
3300 3293 3426 3347 olim
3459 3296 3603 3364 regni
3647 3299 3750 3364 glo-

2213 3387 2363 3452 riam,
2399 3394 2542 3440 recte
2571 3383 2897 3449 consideres,
2925 3390 3116 3452 quanta
3165 3383 3216 3438 in
3263 3383 3344 3438 his
3390 3385 3611 3454 singulis
3640 3386 3748 3440 ﬁdei

2211 3489 2266 3533 et
2293 3477 2530 3532 veritatis
2555 3475 2873 3546 evangeliea:
2901 3484 3144 3542 congesta
3195 3478 3446 3544 mysteria
3485 3479 3608 3542 sint,
3636 3493 3744 3531 cer-

2213 3581 2329 3620 nas.
2362 3565 2551 3620 Verum
2584 3565 2694 3618 hrcc
2721 3573 2817 3619 Suo
2846 3564 2962 3616 loco
2988 3563 3228 3631 planius;
3279 3579 3420 3618 nunc
3469 3581 3534 3619 ex
3578 3568 3748 3620 ordine

2214 3658 2504 3725 injunctnm
2553 3669 2704 3724 opus,
2755 3669 2983 3723 superno
3029 3653 3199 3709 solum
3239 3655 3418 3728 ﬁdens
3466 3657 3671 3720 auxilio,
3701 3667 3749 3711 et

2215 3757 2416 3815 patrum
2451 3746 2666 3816 veStigia
2709 3758 2976 3813 sequens,
3028 3746 3326 3816 aggrediar.
3377 3747 3443 3800 Et
3468 3746 3514 3800 si
3554 3747 3746 3818 quidem

2214 3837 2517 3901 tnnltnrum,
2551 3845 2607 3888 ut
2633 3835 2899 3902 desidero,
2928 3850 3074 3892 meus
3115 3836 3279 3891 su'lor
3301 3837 3514 3892 utilitati
3543 3848 3593 3891 et
3615 3853 3750 3892 com-

2213 3927 2368 3979 modo
2396 3926 2668 3992 profuerit,
2701 3927 2862 3980 multa
2892 3942 2976 3982 me
3019 3927 3318 3983 donandum
3363 3930 3605 3985 mercede
3638 3945 3746 3983 eum

2215 4012 2318 4065 illis
2362 4027 2390 4064 a
2440 4011 2662 4066 Domino
2709 4027 2902 4081 spero;
2948 4015 3027 4068 sin
3069 4025 3265 4080 autem,
3298 4032 3396 4072 nec
3435 4016 3558 4070 mihi
3587 4027 3747 4070 tamen

2213 4118 2327 4158 mea
2357 4101 2595 4168 solertia,
2626 4117 2741 4172 qute
2769 4118 2852 4156 me
2881 4112 3026 4156 tanto
3057 4115 3291 4172 tempore
3324 4107 3518 4160 laboris
3545 4107 3748 4174 hujusce

567 4206 702 4257 mus,
724 4191 844 4260 quid
871 4192 1008 4246 inter
1025 4191 1324 4262 quotidiana
1346 4201 1555 4262 peccata
1574 4193 1944 4263 correptionis,
1971 4194 2106 4249 inter
2132 4177 2176 4238 ο
2210 4192 2436 4247 otiosum
2463 4205 2607 4255 esse,
2629 4192 3030 4259 supervacuisve
3051 4191 3209 4246 rebus
3230 4194 3459 4246 animum
3488 4194 3749 4263 indulgere

567 4277 969 4342 crebmeetites
1006 4280 1267 4337 aerumnas
1313 4283 1492 4337 saeculi
1521 4284 1919 4348 consolationis,
1970 4284 2108 4338 inter
2211 4297 2314 4351 non
2344 4281 2493 4345 sinit,
2524 4279 2846 4335 infructuosa
2883 4283 3111 4336 existere
3152 4283 3363 4350 poterit.
3390 4281 3527 4351 Ergo
3550 4297 3642 4351 age
3671 4286 3743 4336 vi-

568 4367 874 4421 innu-eros
918 4370 1037 4424 vita
1065 4372 1221 4439 hujus
1270 4387 1477 4428 errores
1526 4374 1808 4443 spiritualis
1855 4342 2108 4428 doctrina:
2209 4342 2451 4440 dea‘mus,
2480 4342 2734 4442 propheta
2764 4372 2996 4435 Samuel,
3027 4373 3112 4442 qui
3152 4342 3366 4428 locutus
3408 4342 3510 4438 est,
3562 4342 3613 4428 et
3653 4392 3742 4426 sn-

565 4457 800 4524 legentes
821 4457 902 4509 vel
933 4457 1206 4513 audientes
1228 4463 1564 4528 acquirimus,
1594 4465 1717 4516 dum
1739 4471 1923 4529 aperto
1948 4461 2106 4528 libro,
2213 4466 2467 4519 nuntiavit
2495 4465 2610 4520 dies
2633 4465 2782 4530 istos,
2807 4464 2944 4533 quod
2972 4464 3206 4533 ejusdem
3240 4466 3520 4520 locutionis
3565 4475 3616 4522 et
3652 4480 3742 4520 an-

566 4543 713 4598 verbi
757 4546 942 4615 gratia,
975 4546 1112 4601 beati
1156 4549 1432 4614 Samuelis,
1465 4550 1712 4606 Eleanam
1755 4552 1919 4605 virum
1950 4565 2109 4604 unum
2216 4555 2555 4610 nitntiatiunis
2579 4569 2691 4608 sua
2721 4555 2901 4610 iecerit
2930 4557 3166 4620 initium;
3196 4565 3250 4610 et
3277 4570 3340 4610 ex
3377 4556 3559 4609 ordine
3584 4555 3742 4610 disse-

563 4637 696 4692 duas
720 4640 1187 4696 uxoresbabuisse
1208 4643 1535 4712 reperimus;
1567 4657 1663 4698 nos
1707 4643 1956 4708 maxime,
1990 4641 2108 4711 qui-
2214 4654 2413 4712 rentes,
2443 4646 2578 4702 beati
2608 4645 2748 4700 Petri
2776 4645 3134 4714 apostolorum
3182 4645 3432 4714 principis
3470 4646 3742 4715 adjutorio,

567 4729 661 4784 bus
686 4724 1053 4786 ecclesiasticis:
1099 4736 1216 4788 vitae
1256 4735 1639 4790 consuetudine
1677 4735 1830 4804 longe
1878 4733 1991 4787 ﬁeri
2041 4733 2108 4788 ab
2209 4735 2298 4803 qui
2345 4743 2531 4789 cuncta
2577 4735 2761 4802 quibus
2806 4734 2993 4786 diebus
3039 4733 3145 4786 sint
3188 4733 3412 4801 aptanda
3457 4736 3741 4804 perdocuit,

567 4821 748 4876 uxoris
767 4826 1064 4892 complexu,
1089 4834 1144 4880 et
1167 4827 1383 4883 caelibes
1403 4841 1619 4882 manere
1643 4826 1963 4896 propositum
1991 4833 2104 4889 est;
2209 4823 2438 4893 qualiter
2477 4821 2677 4892 singula
2728 4822 2834 4876 sint
2877 4821 3075 4875 eisdem
3120 4821 3307 4877 diebus
3349 4829 3575 4894 aptanda
3609 4840 3741 4896 quau:-

563 4912 607 4966 si
630 4927 737 4967 nou
771 4917 926 4968 etiam
971 4916 1039 4971 de
1067 4917 1149 4972 his
1188 4931 1238 4973 et
1268 4920 1566 4989 huiusmodi
1589 4917 1744 4974 dictis
1773 4918 2105 4986 allegoricum
2212 4927 2408 4967 ramus.

1557 5064 1588 5075 α

1709 5134 2044 5214 LIBER
2120 5131 2592 5214 PRIMUS.

1048 5311 1272 5368 CAPUT
1327 5310 1602 5365 PRIMUM.
2213 5319 2338 5379 gnat
2383 5311 2559 5366 unum
2585 5311 2931 5378 eamdemque
2976 5311 3252 5363 Dominum
3293 5308 3580 5377 Christum,
3606 5309 3736 5378 Syn-

566 5419 753 5473 Elcana
796 5424 868 5476 vir
897 5438 1024 5476 unus
1064 5423 1116 5476 in
1146 5409 1492 5486 llamutMm,
1525 5420 1648 5471 duas
1689 5419 1832 5472 habet
1873 5433 2049 5473 uxores
2083 5437 2102 5473 :

2213 5415 2388 5470 agogze
2441 5403 2634 5467 pariter
2687 5407 2742 5453 et
2790 5399 3041 5454 Ecclesiae
3083 5396 3488 5468 Redemptorem
3540 5411 3738 5468 semper

635 5490 954 5544 Phenennam
978 5493 1096 5552 ﬁliis
1121 5494 1481 5555 abundantem,
1510 5502 1555 5542 et
1593 5491 1789 5541 Annum
1827 5490 2100 5544 sterilitatis
2208 5486 2593 5555 Rectoremque
2616 5488 2967 5550 credendum;
2999 5486 3174 5552 unius,
3197 5487 3262 5544 de
3282 5490 3484 5558 justitia
3508 5505 3565 5544 se
3597 5487 3731 5556 legis,

631 5561 897 5624 opprobria
927 5562 1196 5630 lugentem.
2127 5586 2140 5646 ]

2213 5593 2417 5648 sua:un
2448 5578 2673 5635 credula:
2702 5575 2862 5645 prolis
2911 5575 3150 5630 ubertate
3181 5575 3464 5647 iactantis;
3512 5578 3731 5636 alterius.

626 5671 756 5725 Car.
802 5671 850 5724 l.
899 5670 1020 5724 Ράἑι
1063 5675 1136 5726 vir
1183 5689 1311 5727 unus
1355 5675 1419 5726 de
1457 5670 1774 5726 Ranmtltaim
1818 5672 2095 5741 Sophim...
2203 5685 2312 5726 sua:
2348 5673 2513 5739 longa:
2541 5669 2879 5724 desolationis
2904 5667 3120 5736 injurias
3141 5669 3320 5727 humili
3346 5672 3484 5741 apud
3511 5667 3732 5740 eiusdem

569 5764 776 5828 Hreno,
810 5771 913 5815 etc.
947 5763 1116 5817 Prima
1137 5764 1274 5820 beati
1301 5763 1557 5820 Samuelis
1579 5763 1734 5821 lectio
1764 5765 1933 5835 typice
1960 5763 2117 5822 desi--
2205 5766 2283 5822 sui
2329 5764 2692 5832 Redemptoris
2720 5760 3128 5841 misericordmm
3157 5763 3434 5822 devotione
3481 5755 3727 5817 dedendi.
