  <div class='ocr_page' id='page_1' title='image "/cluster/home/n/w/nwhite01/storage/ocr_20150623/90-91/uva.x000827075/912.png"; bbox 0 0 3898 6260; ppageno 0'>
   <div class='ocr_carea' id='block_1_1' title="bbox 238 382 341 450">
    <p class='ocr_par' dir='ltr' id='par_1_1' title="bbox 238 382 341 450">
     <span class='ocr_line' id='line_1_1' title="bbox 238 382 341 450; baseline 0 -1"><span class='ocrx_word' id='word_1_1' title='bbox 238 382 341 450; x_wconf 68' lang='lat' dir='ltr'><strong>siit</strong></span> 
     </span>
    </p>
   </div>
   <div class='ocr_carea' id='block_1_2' title="bbox 766 387 1817 452">
    <p class='ocr_par' dir='ltr' id='par_1_2' title="bbox 766 389 1817 450">
     <span class='ocr_line' id='line_1_2' title="bbox 766 389 1817 450; baseline -0.004 -4"><span class='ocrx_word' id='word_1_2' title='bbox 766 393 828 448; x_wconf 77' lang='lat' dir='ltr'><strong>IN</strong></span> <span class='ocrx_word' id='word_1_3' title='bbox 871 393 1247 450; x_wconf 59' lang='lat' dir='ltr'><strong>SAMUELEM</strong></span> <span class='ocrx_word' id='word_1_4' title='bbox 1290 389 1699 449; x_wconf 68' lang='lat' dir='ltr'><strong>PROPIIE&#39;I‘A“</strong></span> <span class='ocrx_word' id='word_1_5' title='bbox 1743 389 1817 443; x_wconf 84' lang='lat' dir='ltr'><strong>Al.</strong></span> 
     </span>
    </p>
   </div>
   <div class='ocr_carea' id='block_1_3' title="bbox 1923 387 2925 452">
    <p class='ocr_par' dir='ltr' id='par_1_3' title="bbox 1925 393 2925 452">
     <span class='ocr_line' id='line_1_3' title="bbox 1925 393 2925 452; baseline 0.008 -8"><span class='ocrx_word' id='word_1_6' title='bbox 1925 393 2178 449; x_wconf 74' lang='lat' dir='ltr'><strong>GURICA</strong></span> <span class='ocrx_word' id='word_1_7' title='bbox 2219 395 2681 452; x_wconf 69' lang='lat' dir='ltr'><strong>EXPOSleO.-—</strong></span> <span class='ocrx_word' id='word_1_8' title='bbox 2719 397 2845 452; x_wconf 81' lang='lat' dir='ltr'><strong>LIB.</strong></span> <span class='ocrx_word' id='word_1_9' title='bbox 2890 399 2925 452; x_wconf 91' lang='lat' dir='ltr'><strong>I.</strong></span> 
     </span>
    </p>
   </div>
   <div class='ocr_carea' id='block_1_4' title="bbox 3349 400 3450 453">
    <p class='ocr_par' dir='ltr' id='par_1_4' title="bbox 3349 400 3450 453">
     <span class='ocr_line' id='line_1_4' title="bbox 3349 400 3450 453; baseline -0.03 0"><span class='ocrx_word' id='word_1_10' title='bbox 3349 400 3450 453; x_wconf 70' lang='lat'><strong>50‘}</strong></span> 
     </span>
    </p>
   </div>
   <div class='ocr_carea' id='block_1_5' title="bbox 240 499 3444 578">
    <p class='ocr_par' dir='ltr' id='par_1_5' title="bbox 240 499 3444 578">
     <span class='ocr_line' id='line_1_5' title="bbox 240 499 3444 578; baseline 0.002 -19"><span class='ocrx_word' id='word_1_11' title='bbox 240 505 472 574; x_wconf 76' lang='lat' dir='ltr'><strong>ideoque</strong></span> <span class='ocrx_word' id='word_1_12' title='bbox 521 501 841 559; x_wconf 85' lang='lat' dir='ltr'><strong>redamantis</strong></span> <span class='ocrx_word' id='word_1_13' title='bbox 887 517 1006 557; x_wconf 82' lang='lat' dir='ltr'><strong>cum</strong></span> <span class='ocrx_word' id='word_1_14' title='bbox 1055 501 1402 568; x_wconf 76' lang='lat' dir='ltr'><strong>redemptoris</strong></span> <span class='ocrx_word' id='word_1_15' title='bbox 1431 499 1642 555; x_wconf 80' lang='lat' dir='ltr'><strong>sublimi</strong></span> <span class='ocrx_word' id='word_1_16' title='bbox 1671 513 1803 552; x_wconf 83' lang='lat' dir='ltr'><strong>con-</strong></span> <span class='ocrx_word' id='word_1_17' title='bbox 1831 506 1880 559; x_wconf 77' lang='grc' dir='ltr'><strong>Δ</strong></span> <span class='ocrx_word' id='word_1_18' title='bbox 1910 503 2140 571; x_wconf 88' lang='lat' dir='ltr'><strong>pandunt</strong></span> <span class='ocrx_word' id='word_1_19' title='bbox 2181 519 2386 572; x_wconf 90' lang='lat' dir='ltr'><strong>eorum,</strong></span> <span class='ocrx_word' id='word_1_20' title='bbox 2417 507 2467 560; x_wconf 91' lang='lat' dir='ltr'><strong>in</strong></span> <span class='ocrx_word' id='word_1_21' title='bbox 2513 510 2701 574; x_wconf 85' lang='lat' dir='ltr'><strong>quibus</strong></span> <span class='ocrx_word' id='word_1_22' title='bbox 2729 519 2781 563; x_wconf 89' lang='lat' dir='ltr'><strong>et</strong></span> <span class='ocrx_word' id='word_1_23' title='bbox 2811 526 2900 577; x_wconf 88' lang='lat' dir='ltr'><strong>per</strong></span> <span class='ocrx_word' id='word_1_24' title='bbox 2929 525 3057 578; x_wconf 71' lang='lat' dir='ltr'><strong>quos</strong></span> <span class='ocrx_word' id='word_1_25' title='bbox 3086 514 3220 565; x_wconf 82' lang='lat' dir='ltr'><strong>solet</strong></span> <span class='ocrx_word' id='word_1_26' title='bbox 3268 512 3444 564; x_wconf 82' lang='lat' dir='ltr'><strong>Domi-</strong></span> 
     </span>
    </p>
   </div>
   <div class='ocr_carea' id='block_1_6' title="bbox 238 588 1804 661">
    <p class='ocr_par' dir='ltr' id='par_1_6' title="bbox 238 588 1804 661">
     <span class='ocr_line' id='line_1_6' title="bbox 238 588 1804 661; baseline -0.006 -9"><span class='ocrx_word' id='word_1_27' title='bbox 238 597 502 652; x_wconf 74' lang='lat' dir='ltr'><strong>solatione</strong></span> <span class='ocrx_word' id='word_1_28' title='bbox 542 594 868 661; x_wconf 75' lang='lat' dir='ltr'><strong>reSpirantis.</strong></span> <span class='ocrx_word' id='word_1_29' title='bbox 902 593 1260 656; x_wconf 75' lang='lat' dir='ltr'><strong>ltauratliaim,</strong></span> <span class='ocrx_word' id='word_1_30' title='bbox 1291 592 1427 646; x_wconf 90' lang='lat' dir='ltr'><strong>sicut</strong></span> <span class='ocrx_word' id='word_1_31' title='bbox 1467 588 1519 643; x_wconf 92' lang='lat' dir='ltr'><strong>in</strong></span> <span class='ocrx_word' id='word_1_32' title='bbox 1567 590 1804 644; x_wconf 89' lang='lat' dir='ltr'><strong>locorum</strong></span> 
     </span>
    </p>
   </div>
   <div class='ocr_carea' id='block_1_7' title="bbox 241 679 1804 754">
    <p class='ocr_par' dir='ltr' id='par_1_7' title="bbox 241 679 1804 754">
     <span class='ocr_line' id='line_1_7' title="bbox 241 679 1804 754; baseline -0.009 -11"><span class='ocrx_word' id='word_1_33' title='bbox 241 687 394 742; x_wconf 71' lang='lat' dir='ltr'><strong>libris</strong></span> <span class='ocrx_word' id='word_1_34' title='bbox 423 686 740 749; x_wconf 78' lang='lat' dir='ltr'><strong>invenimus.</strong></span> <span class='ocrx_word' id='word_1_35' title='bbox 769 694 851 740; x_wconf 85' lang='lat' dir='ltr'><strong>est</strong></span> <span class='ocrx_word' id='word_1_36' title='bbox 894 683 1081 739; x_wconf 75' lang='lat' dir='ltr'><strong>civitas</strong></span> <span class='ocrx_word' id='word_1_37' title='bbox 1129 685 1182 738; x_wconf 91' lang='lat' dir='ltr'><strong>iu</strong></span> <span class='ocrx_word' id='word_1_38' title='bbox 1224 683 1440 754; x_wconf 79' lang='lat' dir='ltr'><strong>regione</strong></span> <span class='ocrx_word' id='word_1_39' title='bbox 1470 679 1804 744; x_wconf 67' lang='lat' dir='ltr'><strong>Thannitiw,</strong></span> 
     </span>
    </p>
   </div>
   <div class='ocr_carea' id='block_1_8' title="bbox 245 771 1808 849">
    <p class='ocr_par' dir='ltr' id='par_1_8' title="bbox 245 771 1808 849">
     <span class='ocr_line' id='line_1_8' title="bbox 245 771 1808 849; baseline -0.005 -17"><span class='ocrx_word' id='word_1_40' title='bbox 245 779 394 849; x_wconf 58' lang='lat' dir='ltr'><strong>juxta</strong></span> <span class='ocrx_word' id='word_1_41' title='bbox 428 777 734 844; x_wconf 70' lang='lat' dir='ltr'><strong>DiOSpolim,</strong></span> <span class='ocrx_word' id='word_1_42' title='bbox 765 775 902 828; x_wconf 90' lang='lat' dir='ltr'><strong>unde</strong></span> <span class='ocrx_word' id='word_1_43' title='bbox 928 775 1024 828; x_wconf 90' lang='lat' dir='ltr'><strong>fuit</strong></span> <span class='ocrx_word' id='word_1_44' title='bbox 1050 774 1270 844; x_wconf 85' lang='lat' dir='ltr'><strong>Joseph,</strong></span> <span class='ocrx_word' id='word_1_45' title='bbox 1296 773 1388 842; x_wconf 88' lang='lat' dir='ltr'><strong>qui</strong></span> <span class='ocrx_word' id='word_1_46' title='bbox 1430 774 1479 828; x_wconf 89' lang='lat' dir='ltr'><strong>in</strong></span> <span class='ocrx_word' id='word_1_47' title='bbox 1511 771 1808 840; x_wconf 85' lang='lat' dir='ltr'><strong>Evangeliis</strong></span> 
     </span>
    </p>
   </div>
   <div class='ocr_carea' id='block_1_9' title="bbox 242 861 1804 931">
    <p class='ocr_par' dir='ltr' id='par_1_9' title="bbox 242 861 1804 931">
     <span class='ocr_line' id='line_1_9' title="bbox 242 861 1804 931; baseline -0.006 -8"><span class='ocrx_word' id='word_1_48' title='bbox 242 870 312 923; x_wconf 84' lang='lat' dir='ltr'><strong>de</strong></span> <span class='ocrx_word' id='word_1_49' title='bbox 335 867 619 922; x_wconf 83' lang='lat' dir='ltr'><strong>Arimathia</strong></span> <span class='ocrx_word' id='word_1_50' title='bbox 643 866 910 920; x_wconf 89' lang='lat' dir='ltr'><strong>scribitur.</strong></span> <span class='ocrx_word' id='word_1_51' title='bbox 936 865 1153 931; x_wconf 84' lang='lat' dir='ltr'><strong>Sophim</strong></span> <span class='ocrx_word' id='word_1_52' title='bbox 1175 873 1350 918; x_wconf 85' lang='lat' dir='ltr'><strong>autem</strong></span> <span class='ocrx_word' id='word_1_53' title='bbox 1374 878 1526 916; x_wconf 91' lang='lat' dir='ltr'><strong>mons</strong></span> <span class='ocrx_word' id='word_1_54' title='bbox 1554 861 1804 929; x_wconf 84' lang='lat' dir='ltr'><strong>Ephraim</strong></span> 
     </span>
    </p>
   </div>
   <div class='ocr_carea' id='block_1_10' title="bbox 243 950 1802 1024">
    <p class='ocr_par' dir='ltr' id='par_1_10' title="bbox 243 950 1802 1024">
     <span class='ocr_line' id='line_1_10' title="bbox 243 950 1802 1024; baseline -0.006 -13"><span class='ocrx_word' id='word_1_55' title='bbox 243 960 298 1011; x_wconf 89' lang='lat' dir='ltr'><strong>in</strong></span> <span class='ocrx_word' id='word_1_56' title='bbox 343 959 458 1012; x_wconf 93' lang='lat' dir='ltr'><strong>loco</strong></span> <span class='ocrx_word' id='word_1_57' title='bbox 507 955 860 1019; x_wconf 83' lang='lat' dir='ltr'><strong>Ramathaim,</strong></span> <span class='ocrx_word' id='word_1_58' title='bbox 907 970 1065 1024; x_wconf 89' lang='lat' dir='ltr'><strong>quam</strong></span> <span class='ocrx_word' id='word_1_59' title='bbox 1106 964 1256 1022; x_wconf 85' lang='lat' dir='ltr'><strong>vetus</strong></span> <span class='ocrx_word' id='word_1_60' title='bbox 1302 953 1466 1006; x_wconf 92' lang='lat' dir='ltr'><strong>editio</strong></span> <span class='ocrx_word' id='word_1_61' title='bbox 1496 950 1802 1004; x_wconf 81' lang='lat' dir='ltr'><strong>Armathem</strong></span> 
     </span>
    </p>
   </div>
   <div class='ocr_carea' id='block_1_11' title="bbox 242 1041 1803 1117">
    <p class='ocr_par' dir='ltr' id='par_1_11' title="bbox 242 1041 1803 1117">
     <span class='ocr_line' id='line_1_11' title="bbox 242 1041 1803 1117; baseline -0.003 -19"><span class='ocrx_word' id='word_1_62' title='bbox 242 1047 438 1117; x_wconf 83' lang='lat' dir='ltr'><strong>posuit.</strong></span> <span class='ocrx_word' id='word_1_63' title='bbox 467 1045 842 1111; x_wconf 86' lang='lat' dir='ltr'><strong>Interpretatur</strong></span> <span class='ocrx_word' id='word_1_64' title='bbox 870 1055 1059 1098; x_wconf 85' lang='lat' dir='ltr'><strong>autem.</strong></span> <span class='ocrx_word' id='word_1_65' title='bbox 1086 1043 1437 1107; x_wconf 77' lang='lat' dir='ltr'><strong>Bamathaim,</strong></span> <span class='ocrx_word' id='word_1_66' title='bbox 1473 1041 1682 1095; x_wconf 80' lang='lat' dir='ltr'><strong>excelsa</strong></span> <span class='ocrx_word' id='word_1_67' title='bbox 1709 1055 1803 1094; x_wconf 82' lang='lat' dir='ltr'><strong>eo-</strong></span> 
     </span>
    </p>
   </div>
   <div class='ocr_carea' id='block_1_12' title="bbox 241 1133 1802 1212">
    <p class='ocr_par' dir='ltr' id='par_1_12' title="bbox 241 1133 1802 1212">
     <span class='ocr_line' id='line_1_12' title="bbox 241 1133 1802 1212; baseline -0.004 -20"><span class='ocrx_word' id='word_1_68' title='bbox 241 1152 405 1212; x_wconf 83' lang='lat' dir='ltr'><strong>rum:</strong></span> <span class='ocrx_word' id='word_1_69' title='bbox 436 1135 676 1200; x_wconf 78' lang='lat' dir='ltr'><strong>Sophim,</strong></span> <span class='ocrx_word' id='word_1_70' title='bbox 701 1135 911 1200; x_wconf 87' lang='lat' dir='ltr'><strong>specula</strong></span> <span class='ocrx_word' id='word_1_71' title='bbox 945 1154 956 1188; x_wconf 90' lang='lat'>:</span> <span class='ocrx_word' id='word_1_72' title='bbox 989 1134 1262 1202; x_wconf 85' lang='lat' dir='ltr'><strong>Ephraim,</strong></span> <span class='ocrx_word' id='word_1_73' title='bbox 1289 1133 1502 1200; x_wconf 80' lang='lat' dir='ltr'><strong>frugifer</strong></span> <span class='ocrx_word' id='word_1_74' title='bbox 1520 1134 1631 1186; x_wconf 89' lang='lat' dir='ltr'><strong>sive</strong></span> <span class='ocrx_word' id='word_1_75' title='bbox 1654 1145 1802 1186; x_wconf 85' lang='lat' dir='ltr'><strong>cres-</strong></span> 
     </span>
    </p>
   </div>
   <div class='ocr_carea' id='block_1_13' title="bbox 239 1214 1802 1285">
    <p class='ocr_par' dir='ltr' id='par_1_13' title="bbox 239 1214 1802 1285">
     <span class='ocr_line' id='line_1_13' title="bbox 239 1214 1802 1285; baseline -0.003 -10"><span class='ocrx_word' id='word_1_76' title='bbox 239 1235 372 1276; x_wconf 84' lang='lat' dir='ltr'><strong>cens</strong></span> <span class='ocrx_word' id='word_1_77' title='bbox 411 1238 424 1274; x_wconf 90' lang='lat'><strong>:</strong></span> <span class='ocrx_word' id='word_1_78' title='bbox 459 1220 678 1285; x_wconf 84' lang='lat' dir='ltr'><strong>Elcaua,</strong></span> <span class='ocrx_word' id='word_1_79' title='bbox 712 1219 806 1273; x_wconf 82' lang='lat' dir='ltr'><strong>Dei</strong></span> <span class='ocrx_word' id='word_1_80' title='bbox 839 1219 1122 1284; x_wconf 80' lang='lat' dir='ltr'><strong>possessio.</strong></span> <span class='ocrx_word' id='word_1_81' title='bbox 1171 1216 1292 1272; x_wconf 82' lang='lat' dir='ltr'><strong>Fuit</strong></span> <span class='ocrx_word' id='word_1_82' title='bbox 1317 1232 1443 1284; x_wconf 89' lang='lat' dir='ltr'><strong>ergo</strong></span> <span class='ocrx_word' id='word_1_83' title='bbox 1467 1216 1545 1270; x_wconf 88' lang='lat' dir='ltr'><strong>vir</strong></span> <span class='ocrx_word' id='word_1_84' title='bbox 1576 1230 1708 1270; x_wconf 90' lang='lat' dir='ltr'><strong>unus</strong></span> <span class='ocrx_word' id='word_1_85' title='bbox 1737 1214 1802 1271; x_wconf 89' lang='lat' dir='ltr'><strong>de</strong></span> 
     </span>
    </p>
   </div>
   <div class='ocr_carea' id='block_1_14' title="bbox 239 1304 1804 1373">
    <p class='ocr_par' dir='ltr' id='par_1_14' title="bbox 239 1304 1804 1373">
     <span class='ocr_line' id='line_1_14' title="bbox 239 1304 1804 1373; baseline -0.005 -8"><span class='ocrx_word' id='word_1_86' title='bbox 239 1308 448 1365; x_wconf 71' lang='lat' dir='ltr'><strong>excelsa</strong></span> <span class='ocrx_word' id='word_1_87' title='bbox 479 1322 684 1371; x_wconf 88' lang='lat' dir='ltr'><strong>eorum,</strong></span> <span class='ocrx_word' id='word_1_88' title='bbox 730 1307 780 1359; x_wconf 93' lang='lat' dir='ltr'><strong>id</strong></span> <span class='ocrx_word' id='word_1_89' title='bbox 827 1316 926 1372; x_wconf 91' lang='lat' dir='ltr'><strong>est,</strong></span> <span class='ocrx_word' id='word_1_90' title='bbox 959 1308 1191 1360; x_wconf 89' lang='lat' dir='ltr'><strong>virorum</strong></span> <span class='ocrx_word' id='word_1_91' title='bbox 1235 1305 1474 1373; x_wconf 82' lang='lat' dir='ltr'><strong>Specula,</strong></span> <span class='ocrx_word' id='word_1_92' title='bbox 1519 1304 1586 1360; x_wconf 89' lang='lat' dir='ltr'><strong>de</strong></span> <span class='ocrx_word' id='word_1_93' title='bbox 1627 1312 1804 1358; x_wconf 90' lang='lat' dir='ltr'><strong>monte</strong></span> 
     </span>
    </p>
   </div>
   <div class='ocr_carea' id='block_1_15' title="bbox 242 1395 1802 1469">
    <p class='ocr_par' dir='ltr' id='par_1_15' title="bbox 242 1395 1802 1469">
     <span class='ocr_line' id='line_1_15' title="bbox 242 1395 1802 1469; baseline -0.006 -13"><span class='ocrx_word' id='word_1_94' title='bbox 242 1401 494 1469; x_wconf 83' lang='lat' dir='ltr'><strong>frugifero</strong></span> <span class='ocrx_word' id='word_1_95' title='bbox 519 1407 574 1454; x_wconf 89' lang='lat' dir='ltr'><strong>et</strong></span> <span class='ocrx_word' id='word_1_96' title='bbox 599 1407 892 1462; x_wconf 87' lang='lat' dir='ltr'><strong>crescente,</strong></span> <span class='ocrx_word' id='word_1_97' title='bbox 918 1409 970 1452; x_wconf 92' lang='lat' dir='ltr'><strong>et</strong></span> <span class='ocrx_word' id='word_1_98' title='bbox 1018 1412 1208 1451; x_wconf 86' lang='lat' dir='ltr'><strong>nomen</strong></span> <span class='ocrx_word' id='word_1_99' title='bbox 1258 1395 1373 1465; x_wconf 81' lang='lat' dir='ltr'><strong>ejus</strong></span> <span class='ocrx_word' id='word_1_100' title='bbox 1398 1396 1486 1450; x_wconf 86' lang='lat' dir='ltr'><strong>Dei</strong></span> <span class='ocrx_word' id='word_1_101' title='bbox 1520 1395 1802 1465; x_wconf 84' lang='lat' dir='ltr'><strong>possessio.</strong></span> 
     </span>
    </p>
   </div>
   <div class='ocr_carea' id='block_1_16' title="bbox 245 1484 1805 1558">
    <p class='ocr_par' dir='ltr' id='par_1_16' title="bbox 245 1484 1805 1558">
     <span class='ocr_line' id='line_1_16' title="bbox 245 1484 1805 1558; baseline -0.004 -14"><span class='ocrx_word' id='word_1_102' title='bbox 245 1491 392 1545; x_wconf 69' lang='lat' dir='ltr'><strong>(Inus</strong></span> <span class='ocrx_word' id='word_1_103' title='bbox 422 1488 690 1554; x_wconf 85' lang='lat' dir='ltr'><strong>Dominus,</strong></span> <span class='ocrx_word' id='word_1_104' title='bbox 720 1507 821 1543; x_wconf 85' lang='lat' dir='ltr'><strong>una</strong></span> <span class='ocrx_word' id='word_1_105' title='bbox 851 1489 996 1558; x_wconf 74' lang='lat' dir='ltr'><strong>ﬁdes,</strong></span> <span class='ocrx_word' id='word_1_106' title='bbox 1025 1505 1178 1542; x_wconf 76' lang='lat' dir='ltr'><strong>tinum</strong></span> <span class='ocrx_word' id='word_1_107' title='bbox 1207 1488 1474 1555; x_wconf 76' lang='lat' dir='ltr'><strong>baptisma,</strong></span> <span class='ocrx_word' id='word_1_108' title='bbox 1502 1502 1628 1539; x_wconf 87' lang='lat' dir='ltr'><strong>unus</strong></span> <span class='ocrx_word' id='word_1_109' title='bbox 1670 1484 1805 1539; x_wconf 81' lang='lat' dir='ltr'><strong>Deus</strong></span> 
     </span>
    </p>
   </div>
   <div class='ocr_carea' id='block_1_17' title="bbox 241 1578 1804 1652">
    <p class='ocr_par' dir='ltr' id='par_1_17' title="bbox 241 1578 1804 1652">
     <span class='ocr_line' id='line_1_17' title="bbox 241 1578 1804 1652; baseline -0.002 -19"><span class='ocrx_word' id='word_1_110' title='bbox 241 1582 462 1651; x_wconf 73' lang='grc' dir='ltr'><strong>(ΕρΙιεε.</strong></span> <span class='ocrx_word' id='word_1_111' title='bbox 495 1581 587 1652; x_wconf 81' lang='lat' dir='ltr'><strong>tv),</strong></span> <span class='ocrx_word' id='word_1_112' title='bbox 619 1584 706 1650; x_wconf 85' lang='lat' dir='ltr'><strong>qui</strong></span> <span class='ocrx_word' id='word_1_113' title='bbox 739 1581 986 1634; x_wconf 82' lang='lat' dir='ltr'><strong>dilectam</strong></span> <span class='ocrx_word' id='word_1_114' title='bbox 1013 1579 1113 1632; x_wconf 85' lang='lat' dir='ltr'><strong>sibi</strong></span> <span class='ocrx_word' id='word_1_115' title='bbox 1143 1593 1355 1646; x_wconf 83' lang='lat' dir='ltr'><strong>semper</strong></span> <span class='ocrx_word' id='word_1_116' title='bbox 1399 1578 1578 1642; x_wconf 86' lang='lat' dir='ltr'><strong>habet,</strong></span> <span class='ocrx_word' id='word_1_117' title='bbox 1618 1591 1804 1630; x_wconf 86' lang='lat' dir='ltr'><strong>conse-</strong></span> 
     </span>
    </p>
   </div>
   <div class='ocr_carea' id='block_1_18' title="bbox 244 1667 1801 1741">
    <p class='ocr_par' dir='ltr' id='par_1_18' title="bbox 244 1667 1801 1741">
     <span class='ocr_line' id='line_1_18' title="bbox 244 1667 1801 1741; baseline -0.003 -17"><span class='ocrx_word' id='word_1_118' title='bbox 244 1682 468 1741; x_wconf 87' lang='lat' dir='ltr'><strong>cratque</strong></span> <span class='ocrx_word' id='word_1_119' title='bbox 509 1675 836 1727; x_wconf 79' lang='lat' dir='ltr'><strong>mansionem</strong></span> <span class='ocrx_word' id='word_1_120' title='bbox 869 1671 920 1725; x_wconf 91' lang='lat' dir='ltr'><strong>in</strong></span> <span class='ocrx_word' id='word_1_121' title='bbox 959 1669 1319 1740; x_wconf 87' lang='lat' dir='ltr'><strong>spiritualibus</strong></span> <span class='ocrx_word' id='word_1_122' title='bbox 1367 1668 1596 1722; x_wconf 82' lang='lat' dir='ltr'><strong>ﬁdelium</strong></span> <span class='ocrx_word' id='word_1_123' title='bbox 1632 1667 1801 1722; x_wconf 83' lang='lat' dir='ltr'><strong>conli-</strong></span> 
     </span>
    </p>
   </div>
   <div class='ocr_carea' id='block_1_19' title="bbox 244 1759 1804 1830">
    <p class='ocr_par' dir='ltr' id='par_1_19' title="bbox 244 1759 1804 1830">
     <span class='ocr_line' id='line_1_19' title="bbox 244 1759 1804 1830; baseline -0.003 -17"><span class='ocrx_word' id='word_1_124' title='bbox 244 1762 366 1817; x_wconf 84' lang='lat' dir='ltr'><strong>bus.</strong></span> <span class='ocrx_word' id='word_1_125' title='bbox 411 1764 558 1830; x_wconf 64' lang='lat' dir='ltr'><strong>Quae,</strong></span> <span class='ocrx_word' id='word_1_126' title='bbox 613 1773 918 1816; x_wconf 86' lang='lat' dir='ltr'><strong>transeensa</strong></span> <span class='ocrx_word' id='word_1_127' title='bbox 966 1759 1366 1815; x_wconf 84' lang='lat' dir='ltr'><strong>conversatione</strong></span> <span class='ocrx_word' id='word_1_128' title='bbox 1418 1768 1644 1818; x_wconf 88' lang='lat' dir='ltr'><strong>terrena,</strong></span> <span class='ocrx_word' id='word_1_129' title='bbox 1696 1765 1804 1812; x_wconf 90' lang='lat' dir='ltr'><strong>toto</strong></span> 
     </span>
    </p>
   </div>
   <div class='ocr_carea' id='block_1_20' title="bbox 1910 592 3481 665">
    <p class='ocr_par' dir='ltr' id='par_1_20' title="bbox 1910 592 3481 665">
     <span class='ocr_line' id='line_1_20' title="bbox 1910 592 3481 665; baseline 0.008 -23"><span class='ocrx_word' id='word_1_130' title='bbox 1910 607 2008 644; x_wconf 86' lang='lat' dir='ltr'><strong>nus</strong></span> <span class='ocrx_word' id='word_1_131' title='bbox 2030 592 2365 656; x_wconf 87' lang='lat' dir='ltr'><strong>spiritualiter</strong></span> <span class='ocrx_word' id='word_1_132' title='bbox 2384 596 2548 654; x_wconf 88' lang='lat' dir='ltr'><strong>nasci.</strong></span> <span class='ocrx_word' id='word_1_133' title='bbox 2569 596 2617 648; x_wconf 90' lang='lat' dir='ltr'><strong>id</strong></span> <span class='ocrx_word' id='word_1_134' title='bbox 2643 608 2742 660; x_wconf 73' lang='lat' dir='ltr'><strong>eat,</strong></span> <span class='ocrx_word' id='word_1_135' title='bbox 2775 613 2996 665; x_wconf 90' lang='lat' dir='ltr'><strong>quorum</strong></span> <span class='ocrx_word' id='word_1_136' title='bbox 3017 610 3133 653; x_wconf 88' lang='lat' dir='ltr'><strong>actu</strong></span> <span class='ocrx_word' id='word_1_137' title='bbox 3160 600 3243 653; x_wconf 90' lang='lat' dir='ltr'><strong>vel</strong></span> <span class='ocrx_word' id='word_1_138' title='bbox 3271 599 3481 655; x_wconf 57' lang='lat' dir='ltr'><strong>afflatuv</strong></span> 
     </span>
    </p>
   </div>
   <div class='ocr_carea' id='block_1_21' title="bbox 1908 681 3447 756">
    <p class='ocr_par' dir='ltr' id='par_1_21' title="bbox 1908 681 3447 756">
     <span class='ocr_line' id='line_1_21' title="bbox 1908 681 3447 756; baseline 0.006 -24"><span class='ocrx_word' id='word_1_139' title='bbox 1908 681 2039 735; x_wconf 83' lang='lat' dir='ltr'><strong>l.des</strong></span> <span class='ocrx_word' id='word_1_140' title='bbox 2082 691 2134 736; x_wconf 93' lang='lat' dir='ltr'><strong>et</strong></span> <span class='ocrx_word' id='word_1_141' title='bbox 2175 683 2386 738; x_wconf 85' lang='lat' dir='ltr'><strong>dilectio</strong></span> <span class='ocrx_word' id='word_1_142' title='bbox 2433 685 2571 738; x_wconf 88' lang='lat' dir='ltr'><strong>illius</strong></span> <span class='ocrx_word' id='word_1_143' title='bbox 2599 687 2864 753; x_wconf 83' lang='lat' dir='ltr'><strong>cordibus,</strong></span> <span class='ocrx_word' id='word_1_144' title='bbox 2899 689 2948 740; x_wconf 91' lang='lat' dir='ltr'><strong>in</strong></span> <span class='ocrx_word' id='word_1_145' title='bbox 2980 689 3169 756; x_wconf 82' lang='lat' dir='ltr'><strong>quibus</strong></span> <span class='ocrx_word' id='word_1_146' title='bbox 3195 699 3317 744; x_wconf 85' lang='lat' dir='ltr'><strong>aute</strong></span> <span class='ocrx_word' id='word_1_147' title='bbox 3345 705 3447 744; x_wconf 92' lang='lat' dir='ltr'><strong>non</strong></span> 
     </span>
    </p>
   </div>
   <div class='ocr_carea' id='block_1_22' title="bbox 1907 770 3449 842">
    <p class='ocr_par' dir='ltr' id='par_1_22' title="bbox 1907 770 3449 842">
     <span class='ocr_line' id='line_1_22' title="bbox 1907 770 3449 842; baseline 0.005 -18"><span class='ocrx_word' id='word_1_148' title='bbox 1907 782 2040 834; x_wconf 90' lang='lat' dir='ltr'><strong>erat,</strong></span> <span class='ocrx_word' id='word_1_149' title='bbox 2074 770 2381 826; x_wconf 78' lang='lat' dir='ltr'><strong>infunditur.</strong></span> <span class='ocrx_word' id='word_1_150' title='bbox 2416 773 2656 827; x_wconf 87' lang='lat' dir='ltr'><strong>llieroam</strong></span> <span class='ocrx_word' id='word_1_151' title='bbox 2688 776 2898 842; x_wconf 75' lang='lat' dir='ltr'><strong>quippe,</strong></span> <span class='ocrx_word' id='word_1_152' title='bbox 2923 776 3220 830; x_wconf 84' lang='lat' dir='ltr'><strong>misericors</strong></span> <span class='ocrx_word' id='word_1_153' title='bbox 3244 795 3256 829; x_wconf 91' lang='lat'><strong>:</strong></span> <span class='ocrx_word' id='word_1_154' title='bbox 3280 777 3449 842; x_wconf 86' lang='lat' dir='ltr'><strong>lleliu,</strong></span> 
     </span>
    </p>
   </div>
   <div class='ocr_carea' id='block_1_23' title="bbox 1909 858 3447 933">
    <p class='ocr_par' dir='ltr' id='par_1_23' title="bbox 1909 858 3447 933">
     <span class='ocr_line' id='line_1_23' title="bbox 1909 858 3447 933; baseline 0.006 -22"><span class='ocrx_word' id='word_1_155' title='bbox 1909 858 2046 912; x_wconf 89' lang='lat' dir='ltr'><strong>Deus</strong></span> <span class='ocrx_word' id='word_1_156' title='bbox 2089 875 2233 915; x_wconf 85' lang='lat' dir='ltr'><strong>meus</strong></span> <span class='ocrx_word' id='word_1_157' title='bbox 2269 862 2384 930; x_wconf 84' lang='lat' dir='ltr'><strong>ejus</strong></span> <span class='ocrx_word' id='word_1_158' title='bbox 2415 879 2427 914; x_wconf 74' lang='lat'><strong>&#39;.</strong></span> <span class='ocrx_word' id='word_1_159' title='bbox 2459 863 2607 917; x_wconf 81' lang='lat' dir='ltr'><strong>Thau</strong></span> <span class='ocrx_word' id='word_1_160' title='bbox 2653 864 2877 933; x_wconf 88' lang='lat' dir='ltr'><strong>signum,</strong></span> <span class='ocrx_word' id='word_1_161' title='bbox 2925 866 3067 932; x_wconf 90' lang='lat' dir='ltr'><strong>Suph</strong></span> <span class='ocrx_word' id='word_1_162' title='bbox 3107 868 3403 933; x_wconf 86' lang='lat' dir='ltr'><strong>speculator</strong></span> <span class='ocrx_word' id='word_1_163' title='bbox 3435 885 3447 919; x_wconf 90' lang='lat'><strong>:</strong></span> 
     </span>
    </p>
   </div>
   <div class='ocr_carea' id='block_1_24' title="bbox 1907 945 3450 1019">
    <p class='ocr_par' dir='ltr' id='par_1_24' title="bbox 1907 945 3450 1019">
     <span class='ocr_line' id='line_1_24' title="bbox 1907 945 3450 1019; baseline 0.008 -23"><span class='ocrx_word' id='word_1_164' title='bbox 1907 945 2223 1012; x_wconf 78' lang='lat' dir='ltr'><strong>Eplirateus,</strong></span> <span class='ocrx_word' id='word_1_165' title='bbox 2259 949 2390 1004; x_wconf 89' lang='lat' dir='ltr'><strong>uber</strong></span> <span class='ocrx_word' id='word_1_166' title='bbox 2433 951 2545 1005; x_wconf 83' lang='lat' dir='ltr'><strong>sive</strong></span> <span class='ocrx_word' id='word_1_167' title='bbox 2591 951 2985 1019; x_wconf 83' lang='lat' dir='ltr'><strong>pulverulentus</strong></span> <span class='ocrx_word' id='word_1_168' title='bbox 3023 954 3234 1010; x_wconf 90' lang='lat' dir='ltr'><strong>dicitur.</strong></span> <span class='ocrx_word' id='word_1_169' title='bbox 3285 956 3345 1007; x_wconf 80' lang='lat' dir='ltr'><strong>Et</strong></span> <span class='ocrx_word' id='word_1_170' title='bbox 3371 956 3450 1008; x_wconf 90' lang='lat' dir='ltr'><strong>vi-</strong></span> 
     </span>
    </p>
   </div>
   <div class='ocr_carea' id='block_1_25' title="bbox 1906 1043 3447 1113">
    <p class='ocr_par' dir='ltr' id='par_1_25' title="bbox 1906 1043 3447 1113">
     <span class='ocr_line' id='line_1_25' title="bbox 1906 1043 3447 1113; baseline 0.006 -23"><span class='ocrx_word' id='word_1_171' title='bbox 1906 1045 2010 1090; x_wconf 91' lang='lat' dir='ltr'><strong>tam</strong></span> <span class='ocrx_word' id='word_1_172' title='bbox 2041 1047 2343 1093; x_wconf 89' lang='lat' dir='ltr'><strong>sanctorum</strong></span> <span class='ocrx_word' id='word_1_173' title='bbox 2375 1043 2735 1097; x_wconf 85' lang='lat' dir='ltr'><strong>misericordia</strong></span> <span class='ocrx_word' id='word_1_174' title='bbox 2777 1044 3060 1113; x_wconf 87' lang='lat' dir='ltr'><strong>plurimum</strong></span> <span class='ocrx_word' id='word_1_175' title='bbox 3089 1045 3322 1101; x_wconf 89' lang='lat' dir='ltr'><strong>roborari</strong></span> <span class='ocrx_word' id='word_1_176' title='bbox 3351 1047 3447 1100; x_wconf 85' lang='lat' dir='ltr'><strong>do-</strong></span> 
     </span>
    </p>
   </div>
   <div class='ocr_carea' id='block_1_26' title="bbox 1905 1126 3453 1200">
    <p class='ocr_par' dir='ltr' id='par_1_26' title="bbox 1905 1126 3453 1200">
     <span class='ocr_line' id='line_1_26' title="bbox 1905 1126 3453 1200; baseline 0.004 -20"><span class='ocrx_word' id='word_1_177' title='bbox 1905 1126 2032 1192; x_wconf 89' lang='lat' dir='ltr'><strong>cuit,</strong></span> <span class='ocrx_word' id='word_1_178' title='bbox 2057 1127 2146 1196; x_wconf 87' lang='lat' dir='ltr'><strong>qui</strong></span> <span class='ocrx_word' id='word_1_179' title='bbox 2174 1128 2246 1181; x_wconf 92' lang='lat' dir='ltr'><strong>ait</strong></span> <span class='ocrx_word' id='word_1_180' title='bbox 2269 1145 2283 1182; x_wconf 86' lang='lat'><strong>:</strong></span> <span class='ocrx_word' id='word_1_181' title='bbox 2309 1128 2438 1183; x_wconf 88' lang='lat' dir='ltr'><strong>Date</strong></span> <span class='ocrx_word' id='word_1_182' title='bbox 2461 1132 2844 1200; x_wconf 82' lang='lat' dir='ltr'><strong>eleemosynam,</strong></span> <span class='ocrx_word' id='word_1_183' title='bbox 2873 1143 2919 1186; x_wconf 89' lang='lat' dir='ltr'><strong>et</strong></span> <span class='ocrx_word' id='word_1_184' title='bbox 2944 1151 3054 1188; x_wconf 82' lang='lat' dir='ltr'><strong>ecce</strong></span> <span class='ocrx_word' id='word_1_185' title='bbox 3077 1136 3243 1188; x_wconf 82' lang='lat' dir='ltr'><strong>omnia</strong></span> <span class='ocrx_word' id='word_1_186' title='bbox 3269 1135 3453 1187; x_wconf 85' lang='lat' dir='ltr'><strong>munda</strong></span> 
     </span>
    </p>
   </div>
   <div class='ocr_carea' id='block_1_27' title="bbox 1904 1217 3451 1289">
    <p class='ocr_par' dir='ltr' id='par_1_27' title="bbox 1904 1217 3451 1289">
     <span class='ocr_line' id='line_1_27' title="bbox 1904 1217 3451 1289; baseline 0.004 -20"><span class='ocrx_word' id='word_1_187' title='bbox 1904 1226 2017 1269; x_wconf 86' lang='lat' dir='ltr'><strong>sunt</strong></span> <span class='ocrx_word' id='word_1_188' title='bbox 2043 1218 2178 1271; x_wconf 85' lang='lat' dir='ltr'><strong>uobis</strong></span> <span class='ocrx_word' id='word_1_189' title='bbox 2208 1218 2356 1289; x_wconf 82' lang='lat' dir='ltr'><strong>(Luc.</strong></span> <span class='ocrx_word' id='word_1_190' title='bbox 2391 1217 2485 1288; x_wconf 72' lang='grc' dir='ltr'><strong>λε).</strong></span> <span class='ocrx_word' id='word_1_191' title='bbox 2530 1220 2627 1286; x_wconf 85' lang='lat' dir='ltr'><strong>Qui</strong></span> <span class='ocrx_word' id='word_1_192' title='bbox 2678 1237 2800 1274; x_wconf 84' lang='lat' dir='ltr'><strong>vero</strong></span> <span class='ocrx_word' id='word_1_193' title='bbox 2851 1223 3209 1278; x_wconf 82' lang='lat' dir='ltr'><strong>incarnatione</strong></span> <span class='ocrx_word' id='word_1_194' title='bbox 3259 1224 3451 1278; x_wconf 88' lang='lat' dir='ltr'><strong>Christi</strong></span> 
     </span>
    </p>
   </div>
   <div class='ocr_carea' id='block_1_28' title="bbox 1909 1307 3456 1380">
    <p class='ocr_par' dir='ltr' id='par_1_28' title="bbox 1909 1307 3456 1380">
     <span class='ocr_line' id='line_1_28' title="bbox 1909 1307 3456 1380; baseline 0.006 -22"><span class='ocrx_word' id='word_1_195' title='bbox 1909 1307 2206 1374; x_wconf 80' lang='lat' dir='ltr'><strong>redemptos</strong></span> <span class='ocrx_word' id='word_1_196' title='bbox 2233 1311 2473 1374; x_wconf 87' lang='lat' dir='ltr'><strong>credunt,</strong></span> <span class='ocrx_word' id='word_1_197' title='bbox 2510 1311 2672 1362; x_wconf 90' lang='lat' dir='ltr'><strong>Deum</strong></span> <span class='ocrx_word' id='word_1_198' title='bbox 2704 1325 2854 1363; x_wconf 89' lang='lat' dir='ltr'><strong>suum</strong></span> <span class='ocrx_word' id='word_1_199' title='bbox 2885 1313 2995 1380; x_wconf 87' lang='lat' dir='ltr'><strong>ejus</strong></span> <span class='ocrx_word' id='word_1_200' title='bbox 3029 1324 3172 1367; x_wconf 92' lang='lat' dir='ltr'><strong>recte</strong></span> <span class='ocrx_word' id='word_1_201' title='bbox 3197 1316 3456 1368; x_wconf 86' lang='lat' dir='ltr'><strong>confiten-</strong></span> 
     </span>
    </p>
   </div>
   <div class='ocr_carea' id='block_1_29' title="bbox 1907 1399 3454 1466">
    <p class='ocr_par' dir='ltr' id='par_1_29' title="bbox 1907 1399 3454 1466">
     <span class='ocr_line' id='line_1_29' title="bbox 1907 1399 3454 1466; baseline 0.003 -16"><span class='ocrx_word' id='word_1_202' title='bbox 1907 1406 2010 1461; x_wconf 88' lang='lat' dir='ltr'><strong>tur,</strong></span> <span class='ocrx_word' id='word_1_203' title='bbox 2043 1399 2161 1466; x_wconf 86' lang='lat' dir='ltr'><strong>quia</strong></span> <span class='ocrx_word' id='word_1_204' title='bbox 2209 1400 2558 1466; x_wconf 86' lang='lat' dir='ltr'><strong>sempiternus</strong></span> <span class='ocrx_word' id='word_1_205' title='bbox 2603 1399 2742 1454; x_wconf 89' lang='lat' dir='ltr'><strong>illius</strong></span> <span class='ocrx_word' id='word_1_206' title='bbox 2776 1401 2945 1465; x_wconf 78' lang='lat' dir='ltr'><strong>Pater,</strong></span> <span class='ocrx_word' id='word_1_207' title='bbox 2980 1402 3225 1454; x_wconf 84' lang='lat' dir='ltr'><strong>Dominus</strong></span> <span class='ocrx_word' id='word_1_208' title='bbox 3253 1403 3370 1456; x_wconf 63' lang='lat' dir='ltr'><strong>coeli</strong></span> <span class='ocrx_word' id='word_1_209' title='bbox 3402 1413 3454 1456; x_wconf 89' lang='lat' dir='ltr'><strong>et</strong></span> 
     </span>
    </p>
   </div>
   <div class='ocr_carea' id='block_1_30' title="bbox 1910 1490 3451 1560">
    <p class='ocr_par' dir='ltr' id='par_1_30' title="bbox 1910 1490 3451 1560">
     <span class='ocr_line' id='line_1_30' title="bbox 1910 1490 3451 1560; baseline 0.004 -21"><span class='ocrx_word' id='word_1_210' title='bbox 1910 1496 2097 1551; x_wconf 66' lang='lat' dir='ltr'><strong>terrai,</strong></span> <span class='ocrx_word' id='word_1_211' title='bbox 2150 1494 2216 1540; x_wconf 84' lang='lat' dir='ltr'><strong>ab</strong></span> <span class='ocrx_word' id='word_1_212' title='bbox 2260 1498 2545 1556; x_wconf 75' lang='lat' dir='ltr'><strong>assumpta:</strong></span> <span class='ocrx_word' id='word_1_213' title='bbox 2592 1490 2929 1546; x_wconf 70' lang='lat' dir='ltr'><strong>humanitatis</strong></span> <span class='ocrx_word' id='word_1_214' title='bbox 2986 1501 3250 1560; x_wconf 88' lang='lat' dir='ltr'><strong>tempore,</strong></span> <span class='ocrx_word' id='word_1_215' title='bbox 3318 1492 3451 1546; x_wconf 69' lang='lat' dir='ltr'><strong>Deus</strong></span> 
     </span>
    </p>
   </div>
   <div class='ocr_carea' id='block_1_31' title="bbox 1907 1579 3452 1648">
    <p class='ocr_par' dir='ltr' id='par_1_31' title="bbox 1907 1579 3452 1648">
     <span class='ocr_line' id='line_1_31' title="bbox 1907 1579 3452 1648; baseline 0.004 -16"><span class='ocrx_word' id='word_1_216' title='bbox 1907 1579 2065 1632; x_wconf 87' lang='lat' dir='ltr'><strong>etiam</strong></span> <span class='ocrx_word' id='word_1_217' title='bbox 2111 1581 2267 1647; x_wconf 60' lang='lat' dir='ltr'><strong>coepit</strong></span> <span class='ocrx_word' id='word_1_218' title='bbox 2310 1581 2472 1648; x_wconf 86' lang='lat' dir='ltr'><strong>ipsius</strong></span> <span class='ocrx_word' id='word_1_219' title='bbox 2515 1585 2781 1648; x_wconf 74' lang='lat' dir='ltr'><strong>existere;</strong></span> <span class='ocrx_word' id='word_1_220' title='bbox 2814 1585 2952 1638; x_wconf 92' lang='lat' dir='ltr'><strong>unde</strong></span> <span class='ocrx_word' id='word_1_221' title='bbox 2993 1584 3138 1648; x_wconf 83' lang='lat' dir='ltr'><strong>dicit,</strong></span> <span class='ocrx_word' id='word_1_222' title='bbox 3177 1584 3246 1638; x_wconf 85' lang='lat' dir='ltr'><strong>De</strong></span> <span class='ocrx_word' id='word_1_223' title='bbox 3291 1595 3452 1638; x_wconf 81' lang='lat' dir='ltr'><strong>ventre</strong></span> 
     </span>
    </p>
   </div>
   <div class='ocr_carea' id='block_1_32' title="bbox 1910 1670 3453 1743">
    <p class='ocr_par' dir='ltr' id='par_1_32' title="bbox 1910 1670 3453 1743">
     <span class='ocr_line' id='line_1_32' title="bbox 1910 1670 3453 1743; baseline 0.004 -21"><span class='ocrx_word' id='word_1_224' title='bbox 1910 1672 2080 1723; x_wconf 72' lang='lat' dir='ltr'><strong>matris</strong></span> <span class='ocrx_word' id='word_1_225' title='bbox 2128 1687 2267 1736; x_wconf 69' lang='lat' dir='ltr'><strong>metu,</strong></span> <span class='ocrx_word' id='word_1_226' title='bbox 2302 1670 2433 1725; x_wconf 87' lang='lat' dir='ltr'><strong>Dens</strong></span> <span class='ocrx_word' id='word_1_227' title='bbox 2489 1688 2622 1727; x_wconf 81' lang='lat' dir='ltr'><strong>meus</strong></span> <span class='ocrx_word' id='word_1_228' title='bbox 2652 1688 2701 1726; x_wconf 82' lang='lat' dir='ltr'><strong>es</strong></span> <span class='ocrx_word' id='word_1_229' title='bbox 2745 1682 2796 1726; x_wconf 83' lang='lat' dir='ltr'><strong>tu</strong></span> <span class='ocrx_word' id='word_1_230' title='bbox 2843 1673 3012 1743; x_wconf 70' lang='lat' dir='ltr'><strong>(Ps-af.</strong></span> <span class='ocrx_word' id='word_1_231' title='bbox 3048 1676 3177 1743; x_wconf 69' lang='lat' dir='ltr'><strong>xu).</strong></span> <span class='ocrx_word' id='word_1_232' title='bbox 3227 1673 3453 1728; x_wconf 76' lang='lat' dir='ltr'><strong>Virtutes</strong></span> 
     </span>
    </p>
   </div>
   <div class='ocr_carea' id='block_1_33' title="bbox 1909 1766 3450 1844">
    <p class='ocr_par' dir='ltr' id='par_1_33' title="bbox 1909 1766 3450 1844">
     <span class='ocr_line' id='line_1_33' title="bbox 1909 1766 3450 1844; baseline 0 -26"><span class='ocrx_word' id='word_1_233' title='bbox 1909 1781 2115 1834; x_wconf 91' lang='lat' dir='ltr'><strong>quoque</strong></span> <span class='ocrx_word' id='word_1_234' title='bbox 2143 1776 2193 1819; x_wconf 91' lang='lat' dir='ltr'><strong>et</strong></span> <span class='ocrx_word' id='word_1_235' title='bbox 2234 1781 2402 1844; x_wconf 83' lang='lat' dir='ltr'><strong>opera</strong></span> <span class='ocrx_word' id='word_1_236' title='bbox 2426 1773 2751 1832; x_wconf 89' lang='lat' dir='ltr'><strong>sanctorum,</strong></span> <span class='ocrx_word' id='word_1_237' title='bbox 2778 1768 2981 1835; x_wconf 87' lang='lat' dir='ltr'><strong>sigmnn</strong></span> <span class='ocrx_word' id='word_1_238' title='bbox 3020 1766 3179 1820; x_wconf 87' lang='lat' dir='ltr'><strong>fuisse</strong></span> <span class='ocrx_word' id='word_1_239' title='bbox 3229 1767 3450 1833; x_wconf 83' lang='lat' dir='ltr'><strong>venturi,</strong></span> 
     </span>
    </p>
   </div>
   <div class='ocr_carea' id='block_1_34' title="bbox 249 1843 3455 1922">
    <p class='ocr_par' dir='ltr' id='par_1_34' title="bbox 249 1843 3455 1922">
     <span class='ocr_line' id='line_1_34' title="bbox 249 1843 3455 1922; baseline 0.001 -18"><span class='ocrx_word' id='word_1_240' title='bbox 249 1854 449 1908; x_wconf 85' lang='lat' dir='ltr'><strong>mentis</strong></span> <span class='ocrx_word' id='word_1_241' title='bbox 476 1853 662 1906; x_wconf 64' lang='lat' dir='ltr'><strong>adnisu</strong></span> <span class='ocrx_word' id='word_1_242' title='bbox 689 1867 976 1922; x_wconf 90' lang='lat' dir='ltr'><strong>supernum</strong></span> <span class='ocrx_word' id='word_1_243' title='bbox 1003 1850 1276 1918; x_wconf 74' lang='lat' dir='ltr'><strong>sapientiai</strong></span> <span class='ocrx_word' id='word_1_244' title='bbox 1319 1850 1494 1903; x_wconf 90' lang='lat' dir='ltr'><strong>lumen</strong></span> <span class='ocrx_word' id='word_1_245' title='bbox 1540 1849 1800 1916; x_wconf 87' lang='lat' dir='ltr'><strong>speculari</strong></span> <span class='ocrx_word' id='word_1_246' title='bbox 1842 1843 1882 1899; x_wconf 80' lang='grc' dir='ltr'><strong><em>Β</em></strong></span> <span class='ocrx_word' id='word_1_247' title='bbox 1910 1853 2136 1917; x_wconf 88' lang='lat' dir='ltr'><strong>docturi,</strong></span> <span class='ocrx_word' id='word_1_248' title='bbox 2168 1862 2356 1922; x_wconf 72' lang='lat' dir='ltr'><strong>etquae</strong></span> <span class='ocrx_word' id='word_1_249' title='bbox 2377 1853 2594 1908; x_wconf 86' lang='lat' dir='ltr'><strong>decebat</strong></span> <span class='ocrx_word' id='word_1_250' title='bbox 2627 1858 2792 1909; x_wconf 89' lang='lat' dir='ltr'><strong>acturi</strong></span> <span class='ocrx_word' id='word_1_251' title='bbox 2819 1856 2870 1908; x_wconf 92' lang='lat' dir='ltr'><strong>in</strong></span> <span class='ocrx_word' id='word_1_252' title='bbox 2900 1871 3056 1909; x_wconf 90' lang='lat' dir='ltr'><strong>carne</strong></span> <span class='ocrx_word' id='word_1_253' title='bbox 3086 1856 3279 1909; x_wconf 84' lang='lat' dir='ltr'><strong>Christi</strong></span> <span class='ocrx_word' id='word_1_254' title='bbox 3306 1867 3455 1909; x_wconf 89' lang='lat' dir='ltr'><strong>testa-</strong></span> 
     </span>
    </p>
   </div>
   <div class='ocr_carea' id='block_1_35' title="bbox 241 1933 1804 2008">
    <p class='ocr_par' dir='ltr' id='par_1_35' title="bbox 241 1933 1804 2008">
     <span class='ocr_line' id='line_1_35' title="bbox 241 1933 1804 2008; baseline -0.004 -14"><span class='ocrx_word' id='word_1_255' title='bbox 241 1942 570 2006; x_wconf 65' lang='lat' dir='ltr'><strong>tio-siderant,</strong></span> <span class='ocrx_word' id='word_1_256' title='bbox 601 1941 744 1994; x_wconf 91' lang='lat' dir='ltr'><strong>illum</strong></span> <span class='ocrx_word' id='word_1_257' title='bbox 777 1941 1053 2008; x_wconf 87' lang='lat' dir='ltr'><strong>possidens</strong></span> <span class='ocrx_word' id='word_1_258' title='bbox 1103 1933 1358 2000; x_wconf 79' lang='lat' dir='ltr'><strong>moate&#39;m,</strong></span> <span class='ocrx_word' id='word_1_259' title='bbox 1392 1938 1504 2003; x_wconf 90' lang='lat' dir='ltr'><strong>qui,</strong></span> <span class='ocrx_word' id='word_1_260' title='bbox 1537 1937 1804 1990; x_wconf 81' lang='lat' dir='ltr'><strong>destructa</strong></span> 
     </span>
    </p>
   </div>
   <div class='ocr_carea' id='block_1_36' title="bbox 243 2025 1806 2097">
    <p class='ocr_par' dir='ltr' id='par_1_36' title="bbox 243 2025 1806 2097">
     <span class='ocr_line' id='line_1_36' title="bbox 243 2025 1806 2097; baseline -0.003 -15"><span class='ocrx_word' id='word_1_261' title='bbox 243 2029 532 2084; x_wconf 56' lang='lat' dir='ltr'><strong>mundialis</strong></span> <span class='ocrx_word' id='word_1_262' title='bbox 562 2029 767 2097; x_wconf 89' lang='lat' dir='ltr'><strong>imperii</strong></span> <span class='ocrx_word' id='word_1_263' title='bbox 819 2042 1030 2096; x_wconf 90' lang='lat' dir='ltr'><strong>pompa,</strong></span> <span class='ocrx_word' id='word_1_264' title='bbox 1079 2026 1244 2082; x_wconf 89' lang='lat' dir='ltr'><strong>crevit</strong></span> <span class='ocrx_word' id='word_1_265' title='bbox 1290 2027 1438 2093; x_wconf 81' lang='lat' dir='ltr'><strong>fruge</strong></span> <span class='ocrx_word' id='word_1_266' title='bbox 1480 2025 1806 2078; x_wconf 85' lang='lat' dir='ltr'><strong>credentium</strong></span> 
     </span>
    </p>
   </div>
   <div class='ocr_carea' id='block_1_37' title="bbox 249 2114 1809 2188">
    <p class='ocr_par' dir='ltr' id='par_1_37' title="bbox 249 2114 1809 2188">
     <span class='ocr_line' id='line_1_37' title="bbox 249 2114 1809 2188; baseline -0.003 -16"><span class='ocrx_word' id='word_1_267' title='bbox 249 2120 590 2188; x_wconf 83' lang='lat' dir='ltr'><strong>populorum,</strong></span> <span class='ocrx_word' id='word_1_268' title='bbox 621 2128 671 2173; x_wconf 91' lang='lat' dir='ltr'><strong>et</strong></span> <span class='ocrx_word' id='word_1_269' title='bbox 701 2119 935 2184; x_wconf 85' lang='lat' dir='ltr'><strong>implevit</strong></span> <span class='ocrx_word' id='word_1_270' title='bbox 963 2133 1172 2172; x_wconf 89' lang='lat' dir='ltr'><strong>omnem</strong></span> <span class='ocrx_word' id='word_1_271' title='bbox 1197 2127 1412 2171; x_wconf 87' lang='lat' dir='ltr'><strong>terram.</strong></span> <span class='ocrx_word' id='word_1_272' title='bbox 1436 2115 1510 2169; x_wconf 85' lang='lat' dir='ltr'><strong>De</strong></span> <span class='ocrx_word' id='word_1_273' title='bbox 1536 2130 1641 2184; x_wconf 89' lang='lat' dir='ltr'><strong>quo</strong></span> <span class='ocrx_word' id='word_1_274' title='bbox 1670 2114 1809 2168; x_wconf 82' lang='lat' dir='ltr'><strong>Psal-</strong></span> 
     </span>
    </p>
   </div>
   <div class='ocr_carea' id='block_1_38' title="bbox 247 2207 1809 2278">
    <p class='ocr_par' dir='ltr' id='par_1_38' title="bbox 247 2207 1809 2278">
     <span class='ocr_line' id='line_1_38' title="bbox 247 2207 1809 2278; baseline -0.003 -16"><span class='ocrx_word' id='word_1_275' title='bbox 247 2212 404 2262; x_wconf 85' lang='lat' dir='ltr'><strong>mista</strong></span> <span class='ocrx_word' id='word_1_276' title='bbox 433 2226 447 2261; x_wconf 74' lang='grc' dir='ltr'>ε</span> <span class='ocrx_word' id='word_1_277' title='bbox 484 2208 546 2262; x_wconf 85' lang='lat' dir='ltr'><strong>Et</strong></span> <span class='ocrx_word' id='word_1_278' title='bbox 573 2210 850 2275; x_wconf 71' lang='lat' dir='ltr'><strong>exaudiuit,</strong></span> <span class='ocrx_word' id='word_1_279' title='bbox 880 2207 1063 2278; x_wconf 72' lang='lat' dir='ltr'><strong>inquit,</strong></span> <span class='ocrx_word' id='word_1_280' title='bbox 1093 2224 1168 2262; x_wconf 88' lang='lat' dir='ltr'><strong>me</strong></span> <span class='ocrx_word' id='word_1_281' title='bbox 1209 2207 1273 2260; x_wconf 87' lang='lat' dir='ltr'><strong>de</strong></span> <span class='ocrx_word' id='word_1_282' title='bbox 1315 2215 1479 2260; x_wconf 84' lang='lat' dir='ltr'><strong>monte</strong></span> <span class='ocrx_word' id='word_1_283' title='bbox 1515 2216 1688 2260; x_wconf 87' lang='lat' dir='ltr'><strong>sancto</strong></span> <span class='ocrx_word' id='word_1_284' title='bbox 1716 2221 1809 2258; x_wconf 85' lang='lat' dir='ltr'><strong>suo</strong></span> 
     </span>
    </p>
   </div>
   <div class='ocr_carea' id='block_1_39' title="bbox 251 2296 1803 2368">
    <p class='ocr_par' dir='ltr' id='par_1_39' title="bbox 251 2296 1803 2368">
     <span class='ocr_line' id='line_1_39' title="bbox 251 2296 1803 2368; baseline -0.003 -18"><span class='ocrx_word' id='word_1_285' title='bbox 251 2297 425 2367; x_wconf 79' lang='lat' dir='ltr'><strong>(Psal.</strong></span> <span class='ocrx_word' id='word_1_286' title='bbox 460 2299 565 2368; x_wconf 83' lang='lat' dir='ltr'><strong>Ill),</strong></span> <span class='ocrx_word' id='word_1_287' title='bbox 596 2299 646 2352; x_wconf 90' lang='lat' dir='ltr'><strong>id</strong></span> <span class='ocrx_word' id='word_1_288' title='bbox 677 2308 777 2365; x_wconf 88' lang='lat' dir='ltr'><strong>est,</strong></span> <span class='ocrx_word' id='word_1_289' title='bbox 810 2297 1037 2352; x_wconf 86' lang='lat' dir='ltr'><strong>redemit</strong></span> <span class='ocrx_word' id='word_1_290' title='bbox 1066 2313 1152 2352; x_wconf 91' lang='lat' dir='ltr'><strong>me</strong></span> <span class='ocrx_word' id='word_1_291' title='bbox 1195 2311 1287 2366; x_wconf 91' lang='lat' dir='ltr'><strong>per</strong></span> <span class='ocrx_word' id='word_1_292' title='bbox 1327 2296 1617 2358; x_wconf 88' lang='lat' dir='ltr'><strong>hominem,</strong></span> <span class='ocrx_word' id='word_1_293' title='bbox 1649 2311 1803 2364; x_wconf 83' lang='lat' dir='ltr'><strong>quem</strong></span> 
     </span>
    </p>
   </div>
   <div class='ocr_carea' id='block_1_40' title="bbox 251 2388 1806 2461">
    <p class='ocr_par' dir='ltr' id='par_1_40' title="bbox 251 2388 1806 2461">
     <span class='ocr_line' id='line_1_40' title="bbox 251 2388 1806 2461; baseline -0.001 -17"><span class='ocrx_word' id='word_1_294' title='bbox 251 2391 601 2461; x_wconf 80' lang='lat' dir='ltr'><strong>singulariter</strong></span> <span class='ocrx_word' id='word_1_295' title='bbox 622 2399 859 2444; x_wconf 88' lang='lat' dir='ltr'><strong>sanctum</strong></span> <span class='ocrx_word' id='word_1_296' title='bbox 885 2391 1136 2459; x_wconf 84' lang='lat' dir='ltr'><strong>suscepit.</strong></span> <span class='ocrx_word' id='word_1_297' title='bbox 1162 2389 1263 2456; x_wconf 87' lang='lat' dir='ltr'><strong>Qui</strong></span> <span class='ocrx_word' id='word_1_298' title='bbox 1285 2389 1527 2442; x_wconf 88' lang='lat' dir='ltr'><strong>videlicet</strong></span> <span class='ocrx_word' id='word_1_299' title='bbox 1550 2388 1628 2441; x_wconf 90' lang='lat' dir='ltr'><strong>vir</strong></span> <span class='ocrx_word' id='word_1_300' title='bbox 1653 2404 1806 2452; x_wconf 91' lang='lat' dir='ltr'><strong>unus,</strong></span> 
     </span>
    </p>
   </div>
   <div class='ocr_carea' id='block_1_41' title="bbox 249 2483 1810 2551">
    <p class='ocr_par' dir='ltr' id='par_1_41' title="bbox 249 2483 1810 2551">
     <span class='ocr_line' id='line_1_41' title="bbox 249 2483 1810 2551; baseline -0.004 -13"><span class='ocrx_word' id='word_1_301' title='bbox 249 2484 436 2547; x_wconf 88' lang='lat' dir='ltr'><strong>idest,</strong></span> <span class='ocrx_word' id='word_1_302' title='bbox 479 2483 637 2536; x_wconf 87' lang='lat' dir='ltr'><strong>homo</strong></span> <span class='ocrx_word' id='word_1_303' title='bbox 681 2483 944 2546; x_wconf 84' lang='lat' dir='ltr'><strong>Christus,</strong></span> <span class='ocrx_word' id='word_1_304' title='bbox 975 2497 1131 2536; x_wconf 91' lang='lat' dir='ltr'><strong>suum</strong></span> <span class='ocrx_word' id='word_1_305' title='bbox 1162 2483 1272 2551; x_wconf 84' lang='lat' dir='ltr'><strong>ipse</strong></span> <span class='ocrx_word' id='word_1_306' title='bbox 1310 2496 1500 2536; x_wconf 89' lang='lat' dir='ltr'><strong>nomen</strong></span> <span class='ocrx_word' id='word_1_307' title='bbox 1542 2496 1810 2549; x_wconf 72' lang='lat' dir='ltr'><strong>exponens</strong></span> 
     </span>
    </p>
   </div>
   <div class='ocr_carea' id='block_1_42' title="bbox 250 2565 1813 2641">
    <p class='ocr_par' dir='ltr' id='par_1_42' title="bbox 250 2565 1813 2641">
     <span class='ocr_line' id='line_1_42' title="bbox 250 2565 1813 2641; baseline -0.001 -16"><span class='ocrx_word' id='word_1_308' title='bbox 250 2574 327 2626; x_wconf 88' lang='lat' dir='ltr'><strong>ait</strong></span> <span class='ocrx_word' id='word_1_309' title='bbox 357 2591 368 2624; x_wconf 89' lang='lat'>:</span> <span class='ocrx_word' id='word_1_310' title='bbox 400 2565 644 2626; x_wconf 82' lang='lat' dir='ltr'><strong>Dominus</strong></span> <span class='ocrx_word' id='word_1_311' title='bbox 665 2573 883 2641; x_wconf 73' lang='lat' dir='ltr'><strong>possedit</strong></span> <span class='ocrx_word' id='word_1_312' title='bbox 904 2588 980 2625; x_wconf 89' lang='lat' dir='ltr'><strong>me</strong></span> <span class='ocrx_word' id='word_1_313' title='bbox 1006 2573 1205 2625; x_wconf 88' lang='lat' dir='ltr'><strong>initium</strong></span> <span class='ocrx_word' id='word_1_314' title='bbox 1227 2573 1419 2625; x_wconf 82' lang='lat' dir='ltr'><strong>viarum</strong></span> <span class='ocrx_word' id='word_1_315' title='bbox 1439 2587 1643 2625; x_wconf 85' lang='lat' dir='ltr'><strong>suarum</strong></span> <span class='ocrx_word' id='word_1_316' title='bbox 1667 2570 1813 2640; x_wconf 84' lang='lat' dir='ltr'><strong>(Pro-</strong></span> 
     </span>
    </p>
   </div>
   <div class='ocr_carea' id='block_1_43' title="bbox 254 2660 1810 2729">
    <p class='ocr_par' dir='ltr' id='par_1_43' title="bbox 254 2660 1810 2729">
     <span class='ocr_line' id='line_1_43' title="bbox 254 2660 1810 2729; baseline -0.001 -16"><span class='ocrx_word' id='word_1_317' title='bbox 254 2660 393 2714; x_wconf 82' lang='lat' dir='ltr'><strong>rerb.</strong></span> <span class='ocrx_word' id='word_1_318' title='bbox 424 2662 565 2729; x_wconf 82' lang='lat' dir='ltr'><strong>vin).</strong></span> <span class='ocrx_word' id='word_1_319' title='bbox 593 2661 697 2716; x_wconf 86' lang='lat' dir='ltr'><strong>Sed</strong></span> <span class='ocrx_word' id='word_1_320' title='bbox 733 2660 833 2716; x_wconf 82' lang='lat' dir='ltr'><strong>hoc</strong></span> <span class='ocrx_word' id='word_1_321' title='bbox 859 2673 910 2714; x_wconf 91' lang='lat' dir='ltr'><strong>et</strong></span> <span class='ocrx_word' id='word_1_322' title='bbox 929 2660 1078 2729; x_wconf 75' lang='lat' dir='ltr'><strong>juxta</strong></span> <span class='ocrx_word' id='word_1_323' title='bbox 1105 2660 1331 2715; x_wconf 89' lang='lat' dir='ltr'><strong>litteram</strong></span> <span class='ocrx_word' id='word_1_324' title='bbox 1364 2660 1668 2727; x_wconf 86' lang='lat' dir='ltr'><strong>notandum,</strong></span> <span class='ocrx_word' id='word_1_325' title='bbox 1694 2660 1810 2728; x_wconf 86' lang='lat' dir='ltr'><strong>quia</strong></span> 
     </span>
    </p>
   </div>
   <div class='ocr_carea' id='block_1_44' title="bbox 253 2750 1816 2820">
    <p class='ocr_par' dir='ltr' id='par_1_44' title="bbox 253 2750 1816 2820">
     <span class='ocr_line' id='line_1_44' title="bbox 253 2750 1816 2820; baseline 0 -18"><span class='ocrx_word' id='word_1_326' title='bbox 253 2765 361 2804; x_wconf 89' lang='lat' dir='ltr'><strong>non</strong></span> <span class='ocrx_word' id='word_1_327' title='bbox 395 2750 610 2816; x_wconf 81' lang='lat' dir='ltr'><strong>frustra,</strong></span> <span class='ocrx_word' id='word_1_328' title='bbox 654 2765 824 2820; x_wconf 90' lang='lat' dir='ltr'><strong>neque</strong></span> <span class='ocrx_word' id='word_1_329' title='bbox 864 2766 930 2805; x_wconf 77' lang='lat' dir='ltr'><strong>ex</strong></span> <span class='ocrx_word' id='word_1_330' title='bbox 983 2750 1248 2819; x_wconf 88' lang='lat' dir='ltr'><strong>superfluo</strong></span> <span class='ocrx_word' id='word_1_331' title='bbox 1277 2752 1529 2818; x_wconf 90' lang='lat' dir='ltr'><strong>scriptum</strong></span> <span class='ocrx_word' id='word_1_332' title='bbox 1559 2759 1660 2816; x_wconf 87' lang='lat' dir='ltr'><strong>est,</strong></span> <span class='ocrx_word' id='word_1_333' title='bbox 1697 2750 1816 2803; x_wconf 85' lang='lat' dir='ltr'><strong>Fuit</strong></span> 
     </span>
    </p>
   </div>
   <div class='ocr_carea' id='block_1_45' title="bbox 258 2838 1814 2911">
    <p class='ocr_par' dir='ltr' id='par_1_45' title="bbox 258 2838 1814 2911">
     <span class='ocr_line' id='line_1_45' title="bbox 258 2838 1814 2911; baseline 0.001 -20"><span class='ocrx_word' id='word_1_334' title='bbox 258 2843 340 2894; x_wconf 68' lang='lat' dir='ltr'><strong>vir</strong></span> <span class='ocrx_word' id='word_1_335' title='bbox 367 2856 540 2906; x_wconf 87' lang='lat' dir='ltr'><strong>unus;</strong></span> <span class='ocrx_word' id='word_1_336' title='bbox 569 2856 687 2895; x_wconf 91' lang='lat' dir='ltr'><strong>cum</strong></span> <span class='ocrx_word' id='word_1_337' title='bbox 720 2842 964 2897; x_wconf 84' lang='lat' dir='ltr'><strong>sufficere</strong></span> <span class='ocrx_word' id='word_1_338' title='bbox 991 2856 1146 2911; x_wconf 67' lang='lat' dir='ltr'><strong>posse</strong></span> <span class='ocrx_word' id='word_1_339' title='bbox 1175 2842 1459 2908; x_wconf 85' lang='lat' dir='ltr'><strong>videretur,</strong></span> <span class='ocrx_word' id='word_1_340' title='bbox 1494 2841 1614 2894; x_wconf 81' lang='lat' dir='ltr'><strong>Fuit</strong></span> <span class='ocrx_word' id='word_1_341' title='bbox 1642 2842 1719 2892; x_wconf 76' lang='lat' dir='ltr'><strong>vir</strong></span> <span class='ocrx_word' id='word_1_342' title='bbox 1748 2838 1814 2892; x_wconf 85' lang='lat' dir='ltr'><strong>de</strong></span> 
     </span>
    </p>
   </div>
   <div class='ocr_carea' id='block_1_46' title="bbox 256 2925 1815 2998">
    <p class='ocr_par' dir='ltr' id='par_1_46' title="bbox 256 2925 1815 2998">
     <span class='ocr_line' id='line_1_46' title="bbox 256 2925 1815 2998; baseline -0.004 -15"><span class='ocrx_word' id='word_1_343' title='bbox 256 2929 590 2984; x_wconf 78' lang='lat' dir='ltr'><strong>itamathaim</strong></span> <span class='ocrx_word' id='word_1_344' title='bbox 622 2930 746 2984; x_wconf 84' lang='lat' dir='ltr'><strong>:vel</strong></span> <span class='ocrx_word' id='word_1_345' title='bbox 794 2930 1169 2998; x_wconf 75' lang='lat' dir='ltr'><strong>congruentius</strong></span> <span class='ocrx_word' id='word_1_346' title='bbox 1218 2929 1319 2984; x_wconf 88' lang='lat' dir='ltr'><strong>dici</strong></span> <span class='ocrx_word' id='word_1_347' title='bbox 1373 2927 1643 2995; x_wconf 87' lang='lat' dir='ltr'><strong>potuisset,</strong></span> <span class='ocrx_word' id='word_1_348' title='bbox 1697 2925 1815 2978; x_wconf 80' lang='lat' dir='ltr'><strong>Fuit</strong></span> 
     </span>
    </p>
   </div>
   <div class='ocr_carea' id='block_1_47' title="bbox 257 3014 1816 3089">
    <p class='ocr_par' dir='ltr' id='par_1_47' title="bbox 257 3014 1816 3089">
     <span class='ocr_line' id='line_1_47' title="bbox 257 3014 1816 3089; baseline -0.003 -17"><span class='ocrx_word' id='word_1_349' title='bbox 257 3019 341 3074; x_wconf 90' lang='lat' dir='ltr'><strong>vir</strong></span> <span class='ocrx_word' id='word_1_350' title='bbox 365 3020 615 3088; x_wconf 85' lang='lat' dir='ltr'><strong>quidam;</strong></span> <span class='ocrx_word' id='word_1_351' title='bbox 645 3019 783 3074; x_wconf 85' lang='lat' dir='ltr'><strong>sicut</strong></span> <span class='ocrx_word' id='word_1_352' title='bbox 808 3022 966 3074; x_wconf 83' lang='lat' dir='ltr'><strong>etiam</strong></span> <span class='ocrx_word' id='word_1_353' title='bbox 994 3017 1155 3089; x_wconf 80' lang='lat' dir='ltr'><strong>aliqui</strong></span> <span class='ocrx_word' id='word_1_354' title='bbox 1184 3028 1366 3073; x_wconf 87' lang='lat' dir='ltr'><strong>contra</strong></span> <span class='ocrx_word' id='word_1_355' title='bbox 1395 3017 1548 3071; x_wconf 87' lang='lat' dir='ltr'><strong>fidem</strong></span> <span class='ocrx_word' id='word_1_356' title='bbox 1587 3014 1816 3070; x_wconf 87' lang='lat' dir='ltr'><strong>llebrai-</strong></span> 
     </span>
    </p>
   </div>
   <div class='ocr_carea' id='block_1_48' title="bbox 257 3108 1812 3180">
    <p class='ocr_par' dir='ltr' id='par_1_48' title="bbox 257 3108 1812 3180">
     <span class='ocr_line' id='line_1_48' title="bbox 257 3108 1812 3180; baseline -0.002 -15"><span class='ocrx_word' id='word_1_357' title='bbox 257 3127 336 3165; x_wconf 76' lang='lat' dir='ltr'><strong>c;e</strong></span> <span class='ocrx_word' id='word_1_358' title='bbox 375 3111 615 3165; x_wconf 83' lang='lat' dir='ltr'><strong>veritatis</strong></span> <span class='ocrx_word' id='word_1_359' title='bbox 663 3111 997 3180; x_wconf 90' lang='lat' dir='ltr'><strong>interpretari</strong></span> <span class='ocrx_word' id='word_1_360' title='bbox 1047 3120 1169 3166; x_wconf 87' lang='lat' dir='ltr'><strong>sunt</strong></span> <span class='ocrx_word' id='word_1_361' title='bbox 1210 3111 1346 3165; x_wconf 90' lang='lat' dir='ltr'><strong>ausi.</strong></span> <span class='ocrx_word' id='word_1_362' title='bbox 1395 3109 1500 3166; x_wconf 90' lang='lat' dir='ltr'><strong>Sed</strong></span> <span class='ocrx_word' id='word_1_363' title='bbox 1541 3113 1640 3162; x_wconf 91' lang='lat' dir='ltr'><strong>hoc</strong></span> <span class='ocrx_word' id='word_1_364' title='bbox 1677 3108 1812 3176; x_wconf 92' lang='lat' dir='ltr'><strong>quod</strong></span> 
     </span>
    </p>
   </div>
   <div class='ocr_carea' id='block_1_49' title="bbox 254 3196 1814 3266">
    <p class='ocr_par' dir='ltr' id='par_1_49' title="bbox 254 3196 1814 3266">
     <span class='ocr_line' id='line_1_49' title="bbox 254 3196 1814 3266; baseline -0.002 -14"><span class='ocrx_word' id='word_1_365' title='bbox 254 3198 489 3265; x_wconf 80' lang='lat' dir='ltr'><strong>additur,</strong></span> <span class='ocrx_word' id='word_1_366' title='bbox 540 3199 706 3266; x_wconf 90' lang='lat' dir='ltr'><strong>Unus,</strong></span> <span class='ocrx_word' id='word_1_367' title='bbox 755 3199 820 3253; x_wconf 84' lang='lat' dir='ltr'><strong>ad</strong></span> <span class='ocrx_word' id='word_1_368' title='bbox 868 3200 1074 3254; x_wconf 90' lang='lat' dir='ltr'><strong>titulum</strong></span> <span class='ocrx_word' id='word_1_369' title='bbox 1124 3198 1290 3254; x_wconf 88' lang='lat' dir='ltr'><strong>laudis</strong></span> <span class='ocrx_word' id='word_1_370' title='bbox 1334 3198 1542 3252; x_wconf 69' lang='lat' dir='ltr'><strong>Eleans:</strong></span> <span class='ocrx_word' id='word_1_371' title='bbox 1584 3196 1814 3264; x_wconf 86' lang='lat' dir='ltr'><strong>respicit,</strong></span> 
     </span>
    </p>
   </div>
   <div class='ocr_carea' id='block_1_50' title="bbox 255 3289 1818 3360">
    <p class='ocr_par' dir='ltr' id='par_1_50' title="bbox 255 3289 1818 3360">
     <span class='ocr_line' id='line_1_50' title="bbox 255 3289 1818 3360; baseline 0.001 -21"><span class='ocrx_word' id='word_1_372' title='bbox 255 3291 349 3357; x_wconf 89' lang='lat' dir='ltr'><strong>qui</strong></span> <span class='ocrx_word' id='word_1_373' title='bbox 376 3291 640 3354; x_wconf 86' lang='lat' dir='ltr'><strong>videlicet,</strong></span> <span class='ocrx_word' id='word_1_374' title='bbox 665 3291 813 3360; x_wconf 76' lang='lat' dir='ltr'><strong>juxta</strong></span> <span class='ocrx_word' id='word_1_375' title='bbox 843 3291 1079 3358; x_wconf 83' lang='lat' dir='ltr'><strong>Apostoli</strong></span> <span class='ocrx_word' id='word_1_376' title='bbox 1110 3292 1305 3345; x_wconf 90' lang='lat' dir='ltr'><strong>monita</strong></span> <span class='ocrx_word' id='word_1_377' title='bbox 1333 3289 1546 3360; x_wconf 80' lang='lat' dir='ltr'><strong>(Ep/tes.</strong></span> <span class='ocrx_word' id='word_1_378' title='bbox 1575 3289 1674 3356; x_wconf 80' lang='lat' dir='ltr'><strong>tv),</strong></span> <span class='ocrx_word' id='word_1_379' title='bbox 1709 3297 1818 3341; x_wconf 90' lang='lat' dir='ltr'><strong>sta-</strong></span> 
     </span>
    </p>
   </div>
   <div class='ocr_carea' id='block_1_51' title="bbox 257 3377 1821 3446">
    <p class='ocr_par' dir='ltr' id='par_1_51' title="bbox 257 3377 1821 3446">
     <span class='ocr_line' id='line_1_51' title="bbox 257 3377 1821 3446; baseline -0.001 -14"><span class='ocrx_word' id='word_1_380' title='bbox 257 3381 384 3434; x_wconf 86' lang='lat' dir='ltr'><strong>bilis</strong></span> <span class='ocrx_word' id='word_1_381' title='bbox 411 3381 644 3435; x_wconf 73' lang='lat' dir='ltr'><strong>existens</strong></span> <span class='ocrx_word' id='word_1_382' title='bbox 673 3391 729 3434; x_wconf 92' lang='lat' dir='ltr'><strong>et</strong></span> <span class='ocrx_word' id='word_1_383' title='bbox 779 3380 1087 3446; x_wconf 89' lang='lat' dir='ltr'><strong>immobilis,</strong></span> <span class='ocrx_word' id='word_1_384' title='bbox 1118 3379 1390 3433; x_wconf 86' lang='lat' dir='ltr'><strong>abundans</strong></span> <span class='ocrx_word' id='word_1_385' title='bbox 1437 3379 1489 3432; x_wconf 91' lang='lat' dir='ltr'><strong>in</strong></span> <span class='ocrx_word' id='word_1_386' title='bbox 1529 3392 1688 3446; x_wconf 88' lang='lat' dir='ltr'><strong>opere</strong></span> <span class='ocrx_word' id='word_1_387' title='bbox 1721 3377 1821 3430; x_wconf 83' lang='lat' dir='ltr'><strong>Do-</strong></span> 
     </span>
    </p>
   </div>
   <div class='ocr_carea' id='block_1_52' title="bbox 259 3467 1822 3534">
    <p class='ocr_par' dir='ltr' id='par_1_52' title="bbox 259 3467 1822 3534">
     <span class='ocr_line' id='line_1_52' title="bbox 259 3467 1822 3534; baseline -0.003 -13"><span class='ocrx_word' id='word_1_388' title='bbox 259 3467 412 3531; x_wconf 86' lang='lat' dir='ltr'><strong>mini,</strong></span> <span class='ocrx_word' id='word_1_389' title='bbox 443 3483 652 3534; x_wconf 84' lang='lat' dir='ltr'><strong>semper</strong></span> <span class='ocrx_word' id='word_1_390' title='bbox 697 3482 802 3522; x_wconf 90' lang='lat' dir='ltr'><strong>non</strong></span> <span class='ocrx_word' id='word_1_391' title='bbox 839 3468 998 3522; x_wconf 90' lang='lat' dir='ltr'><strong>fuerit</strong></span> <span class='ocrx_word' id='word_1_392' title='bbox 1047 3469 1436 3522; x_wconf 89' lang='lat' dir='ltr'><strong>circumductus</strong></span> <span class='ocrx_word' id='word_1_393' title='bbox 1482 3467 1623 3518; x_wconf 90' lang='lat' dir='ltr'><strong>omni</strong></span> <span class='ocrx_word' id='word_1_394' title='bbox 1666 3472 1822 3522; x_wconf 85' lang='lat' dir='ltr'><strong>vento</strong></span> 
     </span>
    </p>
   </div>
   <div class='ocr_carea' id='block_1_53' title="bbox 257 3556 1822 3628">
    <p class='ocr_par' dir='ltr' id='par_1_53' title="bbox 257 3556 1822 3628">
     <span class='ocr_line' id='line_1_53' title="bbox 257 3556 1822 3628; baseline 0.001 -19"><span class='ocrx_word' id='word_1_395' title='bbox 257 3559 537 3612; x_wconf 63' lang='lat' dir='ltr'><strong>doctrinm.</strong></span> <span class='ocrx_word' id='word_1_396' title='bbox 573 3557 793 3628; x_wconf 79' lang='lat' dir='ltr'><strong>Sapiens</strong></span> <span class='ocrx_word' id='word_1_397' title='bbox 829 3561 958 3612; x_wconf 84' lang='lat' dir='ltr'><strong>enim</strong></span> <span class='ocrx_word' id='word_1_398' title='bbox 988 3569 1241 3628; x_wconf 83' lang='lat' dir='ltr'><strong>permanet</strong></span> <span class='ocrx_word' id='word_1_399' title='bbox 1269 3569 1319 3611; x_wconf 88' lang='lat' dir='ltr'><strong>ut</strong></span> <span class='ocrx_word' id='word_1_400' title='bbox 1346 3560 1442 3612; x_wconf 89' lang='lat' dir='ltr'><strong>sol.</strong></span> <span class='ocrx_word' id='word_1_401' title='bbox 1478 3557 1614 3610; x_wconf 85' lang='lat' dir='ltr'><strong>Nam</strong></span> <span class='ocrx_word' id='word_1_402' title='bbox 1640 3556 1822 3611; x_wconf 83' lang='lat' dir='ltr'><strong>stultus</strong></span> 
     </span>
    </p>
   </div>
   <div class='ocr_carea' id='block_1_54' title="bbox 256 3649 1823 3718">
    <p class='ocr_par' dir='ltr' id='par_1_54' title="bbox 256 3649 1823 3718">
     <span class='ocr_line' id='line_1_54' title="bbox 256 3649 1823 3718; baseline 0.001 -18"><span class='ocrx_word' id='word_1_403' title='bbox 256 3653 390 3701; x_wconf 76' lang='lat' dir='ltr'><strong>sicut</strong></span> <span class='ocrx_word' id='word_1_404' title='bbox 421 3651 542 3702; x_wconf 86' lang='lat' dir='ltr'><strong>luna</strong></span> <span class='ocrx_word' id='word_1_405' title='bbox 570 3659 794 3702; x_wconf 84' lang='lat' dir='ltr'><strong>mutatur</strong></span> <span class='ocrx_word' id='word_1_406' title='bbox 821 3649 1006 3716; x_wconf 83' lang='lat' dir='ltr'><strong>(Eccli.</strong></span> <span class='ocrx_word' id='word_1_407' title='bbox 1043 3656 1232 3718; x_wconf 79' lang='lat' dir='ltr'><strong>uvu).</strong></span> <span class='ocrx_word' id='word_1_408' title='bbox 1265 3650 1565 3718; x_wconf 62' lang='lat' dir='ltr'><strong>Cujusmoali</strong></span> <span class='ocrx_word' id='word_1_409' title='bbox 1614 3650 1734 3702; x_wconf 88' lang='lat' dir='ltr'><strong>viris</strong></span> <span class='ocrx_word' id='word_1_410' title='bbox 1771 3659 1823 3702; x_wconf 92' lang='lat' dir='ltr'><strong>et</strong></span> 
     </span>
    </p>
   </div>
   <div class='ocr_carea' id='block_1_55' title="bbox 267 3737 1822 3806">
    <p class='ocr_par' dir='ltr' id='par_1_55' title="bbox 267 3737 1822 3806">
     <span class='ocr_line' id='line_1_55' title="bbox 267 3737 1822 3806; baseline 0.002 -18"><span class='ocrx_word' id='word_1_411' title='bbox 267 3739 373 3790; x_wconf 92' lang='lat' dir='ltr'><strong>hoc</strong></span> <span class='ocrx_word' id='word_1_412' title='bbox 401 3737 673 3804; x_wconf 88' lang='lat' dir='ltr'><strong>aptissime</strong></span> <span class='ocrx_word' id='word_1_413' title='bbox 703 3738 962 3806; x_wconf 79' lang='lat' dir='ltr'><strong>congruit,</strong></span> <span class='ocrx_word' id='word_1_414' title='bbox 991 3745 1049 3790; x_wconf 88' lang='lat' dir='ltr'><strong>ut</strong></span> <span class='ocrx_word' id='word_1_415' title='bbox 1075 3740 1124 3790; x_wconf 93' lang='lat' dir='ltr'><strong>in</strong></span> <span class='ocrx_word' id='word_1_416' title='bbox 1155 3739 1366 3792; x_wconf 81' lang='lat' dir='ltr'><strong>excelsa</strong></span> <span class='ocrx_word' id='word_1_417' title='bbox 1399 3739 1588 3791; x_wconf 89' lang='lat' dir='ltr'><strong>mentis</strong></span> <span class='ocrx_word' id='word_1_418' title='bbox 1609 3738 1822 3806; x_wconf 86' lang='lat' dir='ltr'><strong>specula</strong></span> 
     </span>
    </p>
   </div>
   <div class='ocr_carea' id='block_1_56' title="bbox 261 3825 1822 3895">
    <p class='ocr_par' dir='ltr' id='par_1_56' title="bbox 261 3825 1822 3895">
     <span class='ocr_line' id='line_1_56' title="bbox 261 3825 1822 3895; baseline -0.001 -15"><span class='ocrx_word' id='word_1_419' title='bbox 261 3825 443 3893; x_wconf 64' lang='lat' dir='ltr'><strong>positi,</strong></span> <span class='ocrx_word' id='word_1_420' title='bbox 471 3834 524 3879; x_wconf 91' lang='lat' dir='ltr'><strong>et</strong></span> <span class='ocrx_word' id='word_1_421' title='bbox 555 3825 803 3894; x_wconf 84' lang='lat' dir='ltr'><strong>frugifero</strong></span> <span class='ocrx_word' id='word_1_422' title='bbox 837 3828 1088 3879; x_wconf 88' lang='lat' dir='ltr'><strong>virtutum</strong></span> <span class='ocrx_word' id='word_1_423' title='bbox 1131 3828 1356 3881; x_wconf 86' lang='lat' dir='ltr'><strong>culmine</strong></span> <span class='ocrx_word' id='word_1_424' title='bbox 1395 3825 1698 3895; x_wconf 78' lang='lat' dir='ltr'><strong>gaudentes,</strong></span> <span class='ocrx_word' id='word_1_425' title='bbox 1731 3825 1822 3879; x_wconf 89' lang='lat' dir='ltr'><strong>Dei</strong></span> 
     </span>
    </p>
   </div>
   <div class='ocr_carea' id='block_1_57' title="bbox 272 3916 1825 3986">
    <p class='ocr_par' dir='ltr' id='par_1_57' title="bbox 272 3916 1825 3986">
     <span class='ocr_line' id='line_1_57' title="bbox 272 3916 1825 3986; baseline 0.003 -20"><span class='ocrx_word' id='word_1_426' title='bbox 272 3917 541 3985; x_wconf 80' lang='lat' dir='ltr'><strong>possessio</strong></span> <span class='ocrx_word' id='word_1_427' title='bbox 593 3924 866 3969; x_wconf 82' lang='lat' dir='ltr'><strong>vocentur.</strong></span> <span class='ocrx_word' id='word_1_428' title='bbox 917 3916 1022 3969; x_wconf 82' lang='lat' dir='ltr'><strong>Nec</strong></span> <span class='ocrx_word' id='word_1_429' title='bbox 1070 3919 1237 3970; x_wconf 83' lang='lat' dir='ltr'><strong>solum</strong></span> <span class='ocrx_word' id='word_1_430' title='bbox 1286 3918 1504 3985; x_wconf 89' lang='lat' dir='ltr'><strong>quilibet</strong></span> <span class='ocrx_word' id='word_1_431' title='bbox 1545 3933 1678 3971; x_wconf 91' lang='lat' dir='ltr'><strong>unus</strong></span> <span class='ocrx_word' id='word_1_432' title='bbox 1707 3931 1825 3986; x_wconf 86' lang='lat' dir='ltr'><strong>per-</strong></span> 
     </span>
    </p>
   </div>
   <div class='ocr_carea' id='block_1_58' title="bbox 264 4003 1824 4080">
    <p class='ocr_par' dir='ltr' id='par_1_58' title="bbox 264 4003 1824 4080">
     <span class='ocr_line' id='line_1_58' title="bbox 264 4003 1824 4080; baseline 0.001 -21"><span class='ocrx_word' id='word_1_433' title='bbox 264 4007 528 4060; x_wconf 85' lang='lat' dir='ltr'><strong>fecturum</strong></span> <span class='ocrx_word' id='word_1_434' title='bbox 557 4005 608 4058; x_wconf 92' lang='lat' dir='ltr'><strong>in</strong></span> <span class='ocrx_word' id='word_1_435' title='bbox 627 4003 842 4080; x_wconf 80' lang='lat' dir='ltr'><strong>Christo</strong></span> <span class='ocrx_word' id='word_1_436' title='bbox 870 4016 1013 4060; x_wconf 90' lang='lat' dir='ltr'><strong>recte</strong></span> <span class='ocrx_word' id='word_1_437' title='bbox 1036 4006 1114 4060; x_wconf 88' lang='lat' dir='ltr'><strong>vir</strong></span> <span class='ocrx_word' id='word_1_438' title='bbox 1138 4021 1269 4063; x_wconf 88' lang='lat' dir='ltr'><strong>unus</strong></span> <span class='ocrx_word' id='word_1_439' title='bbox 1291 4008 1614 4075; x_wconf 82' lang='lat' dir='ltr'><strong>appellatur;</strong></span> <span class='ocrx_word' id='word_1_440' title='bbox 1645 4021 1824 4060; x_wconf 89' lang='lat' dir='ltr'><strong>verum</strong></span> 
     </span>
    </p>
   </div>
   <div class='ocr_carea' id='block_1_59' title="bbox 269 4097 1822 4164">
    <p class='ocr_par' dir='ltr' id='par_1_59' title="bbox 269 4097 1822 4164">
     <span class='ocr_line' id='line_1_59' title="bbox 269 4097 1822 4164; baseline -0.003 -13"><span class='ocrx_word' id='word_1_441' title='bbox 269 4098 621 4152; x_wconf 87' lang='lat' dir='ltr'><strong>multitudinis</strong></span> <span class='ocrx_word' id='word_1_442' title='bbox 650 4097 976 4151; x_wconf 89' lang='lat' dir='ltr'><strong>credentium</strong></span> <span class='ocrx_word' id='word_1_443' title='bbox 1004 4105 1120 4151; x_wconf 90' lang='lat' dir='ltr'><strong>erat</strong></span> <span class='ocrx_word' id='word_1_444' title='bbox 1147 4113 1235 4152; x_wconf 85' lang='lat' dir='ltr'><strong>cor</strong></span> <span class='ocrx_word' id='word_1_445' title='bbox 1267 4110 1318 4152; x_wconf 90' lang='lat' dir='ltr'><strong>et</strong></span> <span class='ocrx_word' id='word_1_446' title='bbox 1345 4099 1519 4152; x_wconf 88' lang='lat' dir='ltr'><strong>anima</strong></span> <span class='ocrx_word' id='word_1_447' title='bbox 1559 4112 1658 4150; x_wconf 89' lang='lat' dir='ltr'><strong>una</strong></span> <span class='ocrx_word' id='word_1_448' title='bbox 1691 4097 1822 4164; x_wconf 81' lang='lat' dir='ltr'><strong>(Act.</strong></span> 
     </span>
    </p>
   </div>
   <div class='ocr_carea' id='block_1_60' title="bbox 269 4185 1827 4258">
    <p class='ocr_par' dir='ltr' id='par_1_60' title="bbox 269 4185 1827 4258">
     <span class='ocr_line' id='line_1_60' title="bbox 269 4185 1827 4258; baseline -0.005 -14"><span class='ocrx_word' id='word_1_449' title='bbox 269 4191 370 4258; x_wconf 83' lang='lat' dir='ltr'><strong>tv),</strong></span> <span class='ocrx_word' id='word_1_450' title='bbox 405 4188 669 4243; x_wconf 86' lang='lat' dir='ltr'><strong>imitantes</strong></span> <span class='ocrx_word' id='word_1_451' title='bbox 692 4188 845 4255; x_wconf 77' lang='lat' dir='ltr'><strong>juxta</strong></span> <span class='ocrx_word' id='word_1_452' title='bbox 878 4187 1145 4241; x_wconf 92' lang='lat' dir='ltr'><strong>modulum</strong></span> <span class='ocrx_word' id='word_1_453' title='bbox 1193 4201 1344 4240; x_wconf 90' lang='lat' dir='ltr'><strong>suum</strong></span> <span class='ocrx_word' id='word_1_454' title='bbox 1392 4187 1533 4240; x_wconf 92' lang='lat' dir='ltr'><strong>illum</strong></span> <span class='ocrx_word' id='word_1_455' title='bbox 1575 4186 1658 4240; x_wconf 91' lang='lat' dir='ltr'><strong>cui</strong></span> <span class='ocrx_word' id='word_1_456' title='bbox 1699 4185 1827 4238; x_wconf 89' lang='lat' dir='ltr'><strong>dici-</strong></span> 
     </span>
    </p>
   </div>
   <div class='ocr_carea' id='block_1_61' title="bbox 264 4276 1823 4347">
    <p class='ocr_par' dir='ltr' id='par_1_61' title="bbox 264 4276 1823 4347">
     <span class='ocr_line' id='line_1_61' title="bbox 264 4276 1823 4347; baseline -0.006 -13"><span class='ocrx_word' id='word_1_457' title='bbox 264 4292 394 4335; x_wconf 87' lang='lat' dir='ltr'><strong>tur:</strong></span> <span class='ocrx_word' id='word_1_458' title='bbox 431 4277 505 4332; x_wconf 84' lang='lat' dir='ltr'><strong>Tu</strong></span> <span class='ocrx_word' id='word_1_459' title='bbox 531 4286 700 4330; x_wconf 84' lang='lat' dir='ltr'><strong>autem</strong></span> <span class='ocrx_word' id='word_1_460' title='bbox 744 4279 874 4330; x_wconf 87' lang='lat' dir='ltr'><strong>idem</strong></span> <span class='ocrx_word' id='word_1_461' title='bbox 916 4279 1021 4346; x_wconf 83' lang='lat' dir='ltr'><strong>ipse</strong></span> <span class='ocrx_word' id='word_1_462' title='bbox 1067 4295 1118 4330; x_wconf 89' lang='lat' dir='ltr'><strong>es</strong></span> <span class='ocrx_word' id='word_1_463' title='bbox 1166 4277 1337 4347; x_wconf 86' lang='lat' dir='ltr'><strong>(Psul.</strong></span> <span class='ocrx_word' id='word_1_464' title='bbox 1379 4276 1472 4345; x_wconf 73' lang='lat' dir='ltr'><strong>cr).</strong></span> <span class='ocrx_word' id='word_1_465' title='bbox 1514 4281 1580 4328; x_wconf 74' lang='lat' dir='ltr'><strong>At</strong></span> <span class='ocrx_word' id='word_1_466' title='bbox 1618 4284 1823 4339; x_wconf 87' lang='lat' dir='ltr'><strong>contra,</strong></span> 
     </span>
    </p>
   </div>
   <div class='ocr_carea' id='block_1_62' title="bbox 267 4363 1826 4436">
    <p class='ocr_par' dir='ltr' id='par_1_62' title="bbox 267 4363 1826 4436">
     <span class='ocr_line' id='line_1_62' title="bbox 267 4363 1826 4436; baseline -0.007 -11"><span class='ocrx_word' id='word_1_467' title='bbox 267 4367 485 4436; x_wconf 79' lang='lat' dir='ltr'><strong>reprobi</strong></span> <span class='ocrx_word' id='word_1_468' title='bbox 514 4381 618 4420; x_wconf 91' lang='lat' dir='ltr'><strong>non</strong></span> <span class='ocrx_word' id='word_1_469' title='bbox 647 4365 818 4418; x_wconf 91' lang='lat' dir='ltr'><strong>solum</strong></span> <span class='ocrx_word' id='word_1_470' title='bbox 845 4367 896 4418; x_wconf 90' lang='lat' dir='ltr'><strong>in</strong></span> <span class='ocrx_word' id='word_1_471' title='bbox 934 4367 1174 4431; x_wconf 88' lang='lat' dir='ltr'><strong>personis</strong></span> <span class='ocrx_word' id='word_1_472' title='bbox 1203 4365 1459 4432; x_wconf 87' lang='lat' dir='ltr'><strong>pluribus,</strong></span> <span class='ocrx_word' id='word_1_473' title='bbox 1493 4364 1573 4417; x_wconf 90' lang='lat' dir='ltr'><strong>vel</strong></span> <span class='ocrx_word' id='word_1_474' title='bbox 1613 4363 1826 4415; x_wconf 83' lang='lat' dir='ltr'><strong>diverso</strong></span> 
     </span>
    </p>
   </div>
   <div class='ocr_carea' id='block_1_63' title="bbox 263 4450 1829 4522">
    <p class='ocr_par' dir='ltr' id='par_1_63' title="bbox 263 4450 1829 4522">
     <span class='ocr_line' id='line_1_63' title="bbox 263 4450 1829 4522; baseline -0.006 -10"><span class='ocrx_word' id='word_1_475' title='bbox 263 4468 452 4512; x_wconf 84' lang='lat' dir='ltr'><strong>errore</strong></span> <span class='ocrx_word' id='word_1_476' title='bbox 482 4452 822 4522; x_wconf 86' lang='lat' dir='ltr'><strong>peccantibus</strong></span> <span class='ocrx_word' id='word_1_477' title='bbox 855 4450 1006 4504; x_wconf 89' lang='lat' dir='ltr'><strong>multi</strong></span> <span class='ocrx_word' id='word_1_478' title='bbox 1038 4461 1160 4504; x_wconf 84' lang='lat' dir='ltr'><strong>sunt</strong></span> <span class='ocrx_word' id='word_1_479' title='bbox 1185 4468 1200 4513; x_wconf 87' lang='lat'><strong>;</strong></span> <span class='ocrx_word' id='word_1_480' title='bbox 1232 4451 1323 4504; x_wconf 89' lang='lat' dir='ltr'><strong>sed</strong></span> <span class='ocrx_word' id='word_1_481' title='bbox 1347 4463 1398 4505; x_wconf 93' lang='lat' dir='ltr'><strong>et</strong></span> <span class='ocrx_word' id='word_1_482' title='bbox 1427 4450 1659 4518; x_wconf 81' lang='lat' dir='ltr'><strong>singulos</strong></span> <span class='ocrx_word' id='word_1_483' title='bbox 1680 4452 1829 4517; x_wconf 90' lang='lat' dir='ltr'><strong>quis-</strong></span> 
     </span>
    </p>
   </div>
   <div class='ocr_carea' id='block_1_64' title="bbox 262 4542 1821 4617">
    <p class='ocr_par' dir='ltr' id='par_1_64' title="bbox 262 4542 1821 4617">
     <span class='ocr_line' id='line_1_64' title="bbox 262 4542 1821 4617; baseline -0.001 -21"><span class='ocrx_word' id='word_1_484' title='bbox 262 4561 372 4617; x_wconf 81' lang='lat' dir='ltr'><strong>que</strong></span> <span class='ocrx_word' id='word_1_485' title='bbox 400 4559 608 4609; x_wconf 90' lang='lat' dir='ltr'><strong>eorum,</strong></span> <span class='ocrx_word' id='word_1_486' title='bbox 641 4543 708 4597; x_wconf 89' lang='lat' dir='ltr'><strong>ob</strong></span> <span class='ocrx_word' id='word_1_487' title='bbox 741 4542 1065 4597; x_wconf 82' lang='lat' dir='ltr'><strong>multivolum</strong></span> <span class='ocrx_word' id='word_1_488' title='bbox 1113 4542 1364 4594; x_wconf 84' lang='lat' dir='ltr'><strong>variantis</strong></span> <span class='ocrx_word' id='word_1_489' title='bbox 1398 4542 1558 4593; x_wconf 88' lang='lat' dir='ltr'><strong>animi</strong></span> <span class='ocrx_word' id='word_1_490' title='bbox 1600 4551 1821 4605; x_wconf 92' lang='lat' dir='ltr'><strong>motum,</strong></span> 
     </span>
    </p>
   </div>
   <div class='ocr_carea' id='block_1_65' title="bbox 266 4631 1829 4696">
    <p class='ocr_par' dir='ltr' id='par_1_65' title="bbox 266 4631 1829 4696">
     <span class='ocr_line' id='line_1_65' title="bbox 266 4631 1829 4696; baseline -0.006 -4"><span class='ocrx_word' id='word_1_491' title='bbox 266 4637 464 4692; x_wconf 86' lang='lat' dir='ltr'><strong>multus</strong></span> <span class='ocrx_word' id='word_1_492' title='bbox 493 4644 592 4690; x_wconf 89' lang='lat' dir='ltr'><strong>est.</strong></span> <span class='ocrx_word' id='word_1_493' title='bbox 625 4633 724 4688; x_wconf 87' lang='lat' dir='ltr'><strong>Cor</strong></span> <span class='ocrx_word' id='word_1_494' title='bbox 750 4636 885 4687; x_wconf 87' lang='lat' dir='ltr'><strong>enim</strong></span> <span class='ocrx_word' id='word_1_495' title='bbox 927 4633 1193 4687; x_wconf 82' lang='lat' dir='ltr'><strong>stultorum</strong></span> <span class='ocrx_word' id='word_1_496' title='bbox 1228 4631 1472 4684; x_wconf 79' lang='lat' dir='ltr'><strong>dissimile</strong></span> <span class='ocrx_word' id='word_1_497' title='bbox 1513 4633 1622 4696; x_wconf 86' lang='lat' dir='ltr'><strong>erit,</strong></span> <span class='ocrx_word' id='word_1_498' title='bbox 1671 4643 1720 4686; x_wconf 87' lang='lat' dir='ltr'><strong>et</strong></span> <span class='ocrx_word' id='word_1_499' title='bbox 1757 4635 1829 4685; x_wconf 81' lang='lat' dir='ltr'><strong>rir</strong></span> 
     </span>
    </p>
   </div>
   <div class='ocr_carea' id='block_1_66' title="bbox 265 4722 1828 4796">
    <p class='ocr_par' dir='ltr' id='par_1_66' title="bbox 265 4722 1828 4796">
     <span class='ocr_line' id='line_1_66' title="bbox 265 4722 1828 4796; baseline -0.004 -15"><span class='ocrx_word' id='word_1_500' title='bbox 265 4726 459 4796; x_wconf 72' lang='lat' dir='ltr'><strong>duplex</strong></span> <span class='ocrx_word' id='word_1_501' title='bbox 481 4728 650 4776; x_wconf 83' lang='lat' dir='ltr'><strong>animo</strong></span> <span class='ocrx_word' id='word_1_502' title='bbox 677 4724 968 4778; x_wconf 76' lang='lat' dir='ltr'><strong>inconstans</strong></span> <span class='ocrx_word' id='word_1_503' title='bbox 996 4735 1067 4777; x_wconf 87' lang='lat' dir='ltr'><strong>est</strong></span> <span class='ocrx_word' id='word_1_504' title='bbox 1097 4724 1148 4775; x_wconf 84' lang='lat' dir='ltr'><strong>in</strong></span> <span class='ocrx_word' id='word_1_505' title='bbox 1177 4722 1403 4775; x_wconf 83' lang='lat' dir='ltr'><strong>omnibus</strong></span> <span class='ocrx_word' id='word_1_506' title='bbox 1426 4723 1516 4775; x_wconf 84' lang='lat' dir='ltr'><strong>uiis</strong></span> <span class='ocrx_word' id='word_1_507' title='bbox 1545 4723 1647 4775; x_wconf 85' lang='lat' dir='ltr'><strong>suis</strong></span> <span class='ocrx_word' id='word_1_508' title='bbox 1673 4722 1828 4792; x_wconf 72' lang='lat' dir='ltr'><strong>(Pre-</strong></span> 
     </span>
    </p>
   </div>
   <div class='ocr_carea' id='block_1_67' title="bbox 267 4810 1834 4879">
    <p class='ocr_par' dir='ltr' id='par_1_67' title="bbox 267 4810 1834 4879">
     <span class='ocr_line' id='line_1_67' title="bbox 267 4810 1834 4879; baseline -0.004 -8"><span class='ocrx_word' id='word_1_509' title='bbox 267 4815 402 4871; x_wconf 79' lang='lat' dir='ltr'><strong>eerb.</strong></span> <span class='ocrx_word' id='word_1_510' title='bbox 434 4829 516 4879; x_wconf 74' lang='lat' dir='ltr'><strong>si;</strong></span> <span class='ocrx_word' id='word_1_511' title='bbox 543 4811 660 4867; x_wconf 80' lang='lat' dir='ltr'><strong>Jac.</strong></span> <span class='ocrx_word' id='word_1_512' title='bbox 688 4815 748 4877; x_wconf 87' lang='grc' dir='ltr'><strong>ι).</strong></span> <span class='ocrx_word' id='word_1_513' title='bbox 783 4814 932 4866; x_wconf 84' lang='lat' dir='ltr'><strong>l‘nde</strong></span> <span class='ocrx_word' id='word_1_514' title='bbox 960 4823 1013 4866; x_wconf 91' lang='lat' dir='ltr'><strong>et</strong></span> <span class='ocrx_word' id='word_1_515' title='bbox 1038 4827 1219 4867; x_wconf 89' lang='lat' dir='ltr'><strong>eorum</strong></span> <span class='ocrx_word' id='word_1_516' title='bbox 1251 4811 1376 4879; x_wconf 77' lang='lat' dir='ltr'><strong>ipsa:</strong></span> <span class='ocrx_word' id='word_1_517' title='bbox 1398 4810 1583 4878; x_wconf 87' lang='lat' dir='ltr'><strong>quibus</strong></span> <span class='ocrx_word' id='word_1_518' title='bbox 1608 4811 1834 4864; x_wconf 87' lang='lat' dir='ltr'><strong>militant</strong></span> 
     </span>
    </p>
   </div>
   <div class='ocr_carea' id='block_1_68' title="bbox 269 4899 1831 4967">
    <p class='ocr_par' dir='ltr' id='par_1_68' title="bbox 269 4899 1831 4967">
     <span class='ocr_line' id='line_1_68' title="bbox 269 4899 1831 4967; baseline -0.01 -6"><span class='ocrx_word' id='word_1_519' title='bbox 269 4908 537 4967; x_wconf 83' lang='lat' dir='ltr'><strong>civitates,</strong></span> <span class='ocrx_word' id='word_1_520' title='bbox 566 4902 676 4958; x_wconf 86' lang='lat' dir='ltr'><strong>Una</strong></span> <span class='ocrx_word' id='word_1_521' title='bbox 706 4901 979 4966; x_wconf 89' lang='lat' dir='ltr'><strong>confusio;</strong></span> <span class='ocrx_word' id='word_1_522' title='bbox 1007 4910 1060 4955; x_wconf 91' lang='lat' dir='ltr'><strong>et</strong></span> <span class='ocrx_word' id='word_1_523' title='bbox 1092 4901 1202 4954; x_wconf 77' lang='lat' dir='ltr'><strong>lucc</strong></span> <span class='ocrx_word' id='word_1_524' title='bbox 1233 4899 1619 4962; x_wconf 70' lang='lat' dir='ltr'><strong>Chaldaeorum,</strong></span> <span class='ocrx_word' id='word_1_525' title='bbox 1652 4899 1700 4952; x_wconf 92' lang='lat' dir='ltr'><strong>id</strong></span> <span class='ocrx_word' id='word_1_526' title='bbox 1729 4912 1831 4962; x_wconf 74' lang='grc' dir='ltr'><strong>εει,</strong></span> 
     </span>
    </p>
   </div>
   <div class='ocr_carea' id='block_1_69' title="bbox 271 4987 1832 5059">
    <p class='ocr_par' dir='ltr' id='par_1_69' title="bbox 271 4987 1832 5059">
     <span class='ocr_line' id='line_1_69' title="bbox 271 4987 1832 5059; baseline -0.004 -11"><span class='ocrx_word' id='word_1_527' title='bbox 271 4997 551 5055; x_wconf 87' lang='lat' dir='ltr'><strong>ferocium,</strong></span> <span class='ocrx_word' id='word_1_528' title='bbox 582 4992 663 5046; x_wconf 82' lang='lat' dir='ltr'><strong>vel</strong></span> <span class='ocrx_word' id='word_1_529' title='bbox 705 4991 853 5059; x_wconf 84' lang='lat' dir='ltr'><strong>quasi</strong></span> <span class='ocrx_word' id='word_1_530' title='bbox 884 4990 1292 5051; x_wconf 69' lang='lat' dir='ltr'><strong>daemoniorum;</strong></span> <span class='ocrx_word' id='word_1_531' title='bbox 1329 4988 1491 5041; x_wconf 89' lang='lat' dir='ltr'><strong>altera</strong></span> <span class='ocrx_word' id='word_1_532' title='bbox 1534 4987 1666 5041; x_wconf 86' lang='lat' dir='ltr'><strong>visio</strong></span> <span class='ocrx_word' id='word_1_533' title='bbox 1691 4989 1832 5056; x_wconf 88' lang='lat' dir='ltr'><strong>pacis</strong></span> 
     </span>
    </p>
   </div>
   <div class='ocr_carea' id='block_1_70' title="bbox 273 5082 1833 5155">
    <p class='ocr_par' dir='ltr' id='par_1_70' title="bbox 273 5082 1833 5155">
     <span class='ocr_line' id='line_1_70' title="bbox 273 5082 1833 5155; baseline -0.003 -14"><span class='ocrx_word' id='word_1_534' title='bbox 273 5097 632 5155; x_wconf 87' lang='lat' dir='ltr'><strong>nuncupatur,</strong></span> <span class='ocrx_word' id='word_1_535' title='bbox 665 5085 812 5154; x_wconf 89' lang='lat' dir='ltr'><strong>cujus</strong></span> <span class='ocrx_word' id='word_1_536' title='bbox 841 5084 1026 5138; x_wconf 79' lang='lat' dir='ltr'><strong>artifex</strong></span> <span class='ocrx_word' id='word_1_537' title='bbox 1073 5090 1124 5136; x_wconf 93' lang='lat' dir='ltr'><strong>et</strong></span> <span class='ocrx_word' id='word_1_538' title='bbox 1169 5083 1410 5136; x_wconf 86' lang='lat' dir='ltr'><strong>conditor</strong></span> <span class='ocrx_word' id='word_1_539' title='bbox 1453 5082 1540 5136; x_wconf 91' lang='lat' dir='ltr'><strong>ille</strong></span> <span class='ocrx_word' id='word_1_540' title='bbox 1581 5082 1661 5135; x_wconf 91' lang='lat' dir='ltr'><strong>vir</strong></span> <span class='ocrx_word' id='word_1_541' title='bbox 1699 5097 1833 5136; x_wconf 81' lang='lat' dir='ltr'><strong>unus</strong></span> 
     </span>
    </p>
   </div>
   <div class='ocr_carea' id='block_1_71' title="bbox 271 5170 1834 5244">
    <p class='ocr_par' dir='ltr' id='par_1_71' title="bbox 271 5170 1834 5244">
     <span class='ocr_line' id='line_1_71' title="bbox 271 5170 1834 5244; baseline -0.005 -12"><span class='ocrx_word' id='word_1_542' title='bbox 271 5186 380 5239; x_wconf 67' lang='lat' dir='ltr'><strong>est,</strong></span> <span class='ocrx_word' id='word_1_543' title='bbox 401 5177 469 5232; x_wconf 88' lang='lat' dir='ltr'><strong>de</strong></span> <span class='ocrx_word' id='word_1_544' title='bbox 499 5193 602 5244; x_wconf 89' lang='lat' dir='ltr'><strong>quo</strong></span> <span class='ocrx_word' id='word_1_545' title='bbox 627 5178 834 5239; x_wconf 87' lang='lat' dir='ltr'><strong>dicitur,</strong></span> <span class='ocrx_word' id='word_1_546' title='bbox 864 5175 1018 5239; x_wconf 77' lang='lat' dir='ltr'><strong>Audi,</strong></span> <span class='ocrx_word' id='word_1_547' title='bbox 1050 5172 1232 5238; x_wconf 84' lang='lat' dir='ltr'><strong>Israel,</strong></span> <span class='ocrx_word' id='word_1_548' title='bbox 1268 5170 1512 5224; x_wconf 86' lang='lat' dir='ltr'><strong>Dominus</strong></span> <span class='ocrx_word' id='word_1_549' title='bbox 1545 5171 1679 5226; x_wconf 85' lang='lat' dir='ltr'><strong>Deus</strong></span> <span class='ocrx_word' id='word_1_550' title='bbox 1720 5182 1834 5224; x_wconf 90' lang='lat' dir='ltr'><strong>tuus</strong></span> 
     </span>
    </p>
   </div>
   <div class='ocr_carea' id='block_1_72' title="bbox 275 5262 1833 5332">
    <p class='ocr_par' dir='ltr' id='par_1_72' title="bbox 275 5262 1833 5332">
     <span class='ocr_line' id='line_1_72' title="bbox 275 5262 1833 5332; baseline -0.003 -12"><span class='ocrx_word' id='word_1_551' title='bbox 275 5284 408 5320; x_wconf 71' lang='lat' dir='ltr'><strong>uirus</strong></span> <span class='ocrx_word' id='word_1_552' title='bbox 436 5277 504 5318; x_wconf 83' lang='lat' dir='ltr'><strong>est</strong></span> <span class='ocrx_word' id='word_1_553' title='bbox 535 5266 708 5332; x_wconf 70' lang='lat' dir='ltr'><strong>(Deut.</strong></span> <span class='ocrx_word' id='word_1_554' title='bbox 742 5266 836 5331; x_wconf 84' lang='lat' dir='ltr'><strong>vi).</strong></span> <span class='ocrx_word' id='word_1_555' title='bbox 879 5267 1102 5326; x_wconf 78' lang='lat' dir='ltr'><strong>Chorus,</strong></span> <span class='ocrx_word' id='word_1_556' title='bbox 1147 5264 1390 5318; x_wconf 85' lang='lat' dir='ltr'><strong>videlicet</strong></span> <span class='ocrx_word' id='word_1_557' title='bbox 1420 5264 1507 5316; x_wconf 90' lang='lat' dir='ltr'><strong>ille</strong></span> <span class='ocrx_word' id='word_1_558' title='bbox 1538 5262 1693 5316; x_wconf 90' lang='lat' dir='ltr'><strong>unius</strong></span> <span class='ocrx_word' id='word_1_559' title='bbox 1722 5278 1833 5316; x_wconf 79' lang='lat' dir='ltr'><strong>mo-</strong></span> 
     </span>
    </p>
   </div>
   <div class='ocr_carea' id='block_1_73' title="bbox 277 5353 1840 5424">
    <p class='ocr_par' dir='ltr' id='par_1_73' title="bbox 277 5353 1840 5424">
     <span class='ocr_line' id='line_1_73' title="bbox 277 5353 1840 5424; baseline -0.006 -12"><span class='ocrx_word' id='word_1_560' title='bbox 277 5359 354 5414; x_wconf 84' lang='lat' dir='ltr'><strong>ris</strong></span> <span class='ocrx_word' id='word_1_561' title='bbox 384 5359 432 5409; x_wconf 93' lang='lat' dir='ltr'><strong>in</strong></span> <span class='ocrx_word' id='word_1_562' title='bbox 459 5358 640 5418; x_wconf 88' lang='lat' dir='ltr'><strong>domo,</strong></span> <span class='ocrx_word' id='word_1_563' title='bbox 671 5357 758 5424; x_wconf 87' lang='lat' dir='ltr'><strong>qui</strong></span> <span class='ocrx_word' id='word_1_564' title='bbox 801 5357 942 5410; x_wconf 88' lang='lat' dir='ltr'><strong>canit</strong></span> <span class='ocrx_word' id='word_1_565' title='bbox 975 5373 988 5409; x_wconf 91' lang='lat'><strong>:</strong></span> <span class='ocrx_word' id='word_1_566' title='bbox 1023 5356 1183 5410; x_wconf 85' lang='lat' dir='ltr'><strong>Unam</strong></span> <span class='ocrx_word' id='word_1_567' title='bbox 1225 5355 1344 5423; x_wconf 85' lang='lat' dir='ltr'><strong>petii</strong></span> <span class='ocrx_word' id='word_1_568' title='bbox 1373 5369 1402 5404; x_wconf 87' lang='lat' dir='ltr'><strong>a</strong></span> <span class='ocrx_word' id='word_1_569' title='bbox 1436 5353 1671 5412; x_wconf 85' lang='lat' dir='ltr'><strong>Domino,</strong></span> <span class='ocrx_word' id='word_1_570' title='bbox 1711 5353 1840 5404; x_wconf 82' lang='lat' dir='ltr'><strong>hanc</strong></span> 
     </span>
    </p>
   </div>
   <div class='ocr_carea' id='block_1_74' title="bbox 278 5443 1839 5514">
    <p class='ocr_par' dir='ltr' id='par_1_74' title="bbox 278 5443 1839 5514">
     <span class='ocr_line' id='line_1_74' title="bbox 278 5443 1839 5514; baseline -0.006 -11"><span class='ocrx_word' id='word_1_571' title='bbox 278 5449 553 5514; x_wconf 77' lang='lat' dir='ltr'><strong>requiram,</strong></span> <span class='ocrx_word' id='word_1_572' title='bbox 587 5454 639 5497; x_wconf 89' lang='lat' dir='ltr'><strong>ut</strong></span> <span class='ocrx_word' id='word_1_573' title='bbox 670 5447 939 5501; x_wconf 75' lang='lat' dir='ltr'><strong>inhabilem</strong></span> <span class='ocrx_word' id='word_1_574' title='bbox 968 5450 1018 5500; x_wconf 89' lang='lat' dir='ltr'><strong>in</strong></span> <span class='ocrx_word' id='word_1_575' title='bbox 1049 5449 1195 5499; x_wconf 85' lang='lat' dir='ltr'><strong>domo</strong></span> <span class='ocrx_word' id='word_1_576' title='bbox 1237 5443 1437 5497; x_wconf 56' lang='lat' dir='ltr'><strong>Domini</strong></span> <span class='ocrx_word' id='word_1_577' title='bbox 1476 5443 1701 5496; x_wconf 87' lang='lat' dir='ltr'><strong>omnibus</strong></span> <span class='ocrx_word' id='word_1_578' title='bbox 1730 5443 1839 5494; x_wconf 86' lang='lat' dir='ltr'><strong>die-</strong></span> 
     </span>
    </p>
   </div>
   <div class='ocr_carea' id='block_1_75' title="bbox 279 5536 1046 5609">
    <p class='ocr_par' dir='ltr' id='par_1_75' title="bbox 279 5536 1046 5609">
     <span class='ocr_line' id='line_1_75' title="bbox 279 5536 1046 5609; baseline -0.009 -9"><span class='ocrx_word' id='word_1_579' title='bbox 279 5548 368 5600; x_wconf 81' lang='lat' dir='ltr'><strong>bus</strong></span> <span class='ocrx_word' id='word_1_580' title='bbox 399 5544 510 5593; x_wconf 65' lang='lat' dir='ltr'><strong>vita</strong></span> <span class='ocrx_word' id='word_1_581' title='bbox 535 5552 656 5590; x_wconf 74' lang='lat' dir='ltr'><strong>mew</strong></span> <span class='ocrx_word' id='word_1_582' title='bbox 686 5536 856 5606; x_wconf 82' lang='lat' dir='ltr'><strong>(Psal.</strong></span> <span class='ocrx_word' id='word_1_583' title='bbox 884 5541 1046 5609; x_wconf 60' lang='grc' dir='ltr'>χιιι).</span> 
     </span>
    </p>
   </div>
   <div class='ocr_carea' id='block_1_76' title="bbox 361 5624 1845 5698">
    <p class='ocr_par' dir='ltr' id='par_1_76' title="bbox 361 5624 1845 5698">
     <span class='ocr_line' id='line_1_76' title="bbox 361 5624 1845 5698; baseline -0.005 -14"><span class='ocrx_word' id='word_1_584' title='bbox 361 5630 423 5684; x_wconf 68' lang='lat' dir='ltr'><strong>Et</strong></span> <span class='ocrx_word' id='word_1_585' title='bbox 467 5644 645 5682; x_wconf 85' lang='lat' dir='ltr'><strong>nomen</strong></span> <span class='ocrx_word' id='word_1_586' title='bbox 673 5627 888 5696; x_wconf 83' lang='lat' dir='ltr'><strong>(inquit)</strong></span> <span class='ocrx_word' id='word_1_587' title='bbox 936 5633 1042 5698; x_wconf 81' lang='lat' dir='ltr'><strong>ejus</strong></span> <span class='ocrx_word' id='word_1_588' title='bbox 1087 5628 1305 5688; x_wconf 79' lang='lat' dir='ltr'><strong>Elmna,</strong></span> <span class='ocrx_word' id='word_1_589' title='bbox 1349 5635 1452 5678; x_wconf 85' lang='lat' dir='ltr'><strong>etc.</strong></span> <span class='ocrx_word' id='word_1_590' title='bbox 1487 5624 1703 5677; x_wconf 84' lang='lat' dir='ltr'><strong>Nomina</strong></span> <span class='ocrx_word' id='word_1_591' title='bbox 1755 5638 1845 5691; x_wconf 86' lang='lat' dir='ltr'><strong>pa-</strong></span> 
     </span>
    </p>
   </div>
   <div class='ocr_carea' id='block_1_77' title="bbox 281 5717 1840 5786">
    <p class='ocr_par' dir='ltr' id='par_1_77' title="bbox 281 5717 1840 5786">
     <span class='ocr_line' id='line_1_77' title="bbox 281 5717 1840 5786; baseline -0.008 -2"><span class='ocrx_word' id='word_1_592' title='bbox 281 5742 427 5784; x_wconf 84' lang='lat' dir='ltr'><strong>tiuut</strong></span> <span class='ocrx_word' id='word_1_593' title='bbox 460 5725 684 5782; x_wconf 66' lang='lat' dir='ltr'><strong>Elcanm,</strong></span> <span class='ocrx_word' id='word_1_594' title='bbox 715 5720 898 5786; x_wconf 77' lang='lat' dir='ltr'><strong>vitam,</strong></span> <span class='ocrx_word' id='word_1_595' title='bbox 923 5723 1100 5786; x_wconf 86' lang='lat' dir='ltr'><strong>fidem,</strong></span> <span class='ocrx_word' id='word_1_596' title='bbox 1135 5723 1350 5775; x_wconf 84' lang='lat' dir='ltr'><strong>virtutes</strong></span> <span class='ocrx_word' id='word_1_597' title='bbox 1380 5725 1433 5772; x_wconf 87' lang='lat' dir='ltr'><strong>ct</strong></span> <span class='ocrx_word' id='word_1_598' title='bbox 1462 5717 1840 5772; x_wconf 77' lang='lat' dir='ltr'><strong>sublimitatem</strong></span> 
     </span>
    </p>
   </div>
   <div class='ocr_carea' id='block_1_78' title="bbox 1864 4502 1912 4559">
    <p class='ocr_par' dir='ltr' id='par_1_78' title="bbox 1864 4502 1912 4559">
     <span class='ocr_line' id='line_1_78' title="bbox 1864 4502 1912 4559; baseline 0 0"><span class='ocrx_word' id='word_1_599' title='bbox 1864 4502 1912 4559; x_wconf 85' lang='grc' dir='ltr'><strong>Ι)</strong></span> 
     </span>
    </p>
   </div>
   <div class='ocr_carea' id='block_1_79' title="bbox 1912 1943 3457 2012">
    <p class='ocr_par' dir='ltr' id='par_1_79' title="bbox 1912 1943 3457 2012">
     <span class='ocr_line' id='line_1_79' title="bbox 1912 1943 3457 2012; baseline 0.001 -17"><span class='ocrx_word' id='word_1_600' title='bbox 1912 1953 2012 2005; x_wconf 89' lang='lat' dir='ltr'><strong>tur,</strong></span> <span class='ocrx_word' id='word_1_601' title='bbox 2045 1960 2162 1996; x_wconf 90' lang='lat' dir='ltr'><strong>cum</strong></span> <span class='ocrx_word' id='word_1_602' title='bbox 2187 1943 2297 2012; x_wconf 63' lang='lat' dir='ltr'><strong>ipse</strong></span> <span class='ocrx_word' id='word_1_603' title='bbox 2327 1944 2453 1996; x_wconf 80' lang='lat' dir='ltr'><strong>dicit</strong></span> <span class='ocrx_word' id='word_1_604' title='bbox 2485 1963 2494 1995; x_wconf 90' lang='lat'>:</span> <span class='ocrx_word' id='word_1_605' title='bbox 2536 1943 2597 1996; x_wconf 87' lang='lat' dir='ltr'><strong>Et</strong></span> <span class='ocrx_word' id='word_1_606' title='bbox 2623 1945 2672 1996; x_wconf 88' lang='lat' dir='ltr'><strong>in</strong></span> <span class='ocrx_word' id='word_1_607' title='bbox 2695 1946 2923 1998; x_wconf 83' lang='lat' dir='ltr'><strong>manibus</strong></span> <span class='ocrx_word' id='word_1_608' title='bbox 2954 1946 3307 2011; x_wconf 81' lang='lat' dir='ltr'><strong>praphetarum</strong></span> <span class='ocrx_word' id='word_1_609' title='bbox 3331 1946 3457 1997; x_wconf 53' lang='lat' dir='ltr'><strong>Gil!&quot;</strong></span> 
     </span>
    </p>
   </div>
   <div class='ocr_carea' id='block_1_80' title="bbox 1909 2033 3456 2103">
    <p class='ocr_par' dir='ltr' id='par_1_80' title="bbox 1909 2033 3456 2103">
     <span class='ocr_line' id='line_1_80' title="bbox 1909 2033 3456 2103; baseline 0.001 -19"><span class='ocrx_word' id='word_1_610' title='bbox 1909 2035 2110 2086; x_wconf 84' lang='lat' dir='ltr'><strong>milatus</strong></span> <span class='ocrx_word' id='word_1_611' title='bbox 2134 2051 2244 2086; x_wconf 85' lang='lat' dir='ltr'><strong>sum</strong></span> <span class='ocrx_word' id='word_1_612' title='bbox 2268 2033 2443 2103; x_wconf 78' lang='lat' dir='ltr'><strong>(Joan.</strong></span> <span class='ocrx_word' id='word_1_613' title='bbox 2475 2033 2548 2101; x_wconf 69' lang='grc' dir='ltr'><strong>ν).</strong></span> <span class='ocrx_word' id='word_1_614' title='bbox 2584 2034 2648 2087; x_wconf 85' lang='grc' dir='ltr'>Ει</span> <span class='ocrx_word' id='word_1_615' title='bbox 2676 2034 2739 2085; x_wconf 77' lang='lat' dir='ltr'><strong>de</strong></span> <span class='ocrx_word' id='word_1_616' title='bbox 2758 2034 2931 2102; x_wconf 79' lang='lat' dir='ltr'><strong>Moyse</strong></span> <span class='ocrx_word' id='word_1_617' title='bbox 2960 2035 3006 2086; x_wconf 90' lang='lat' dir='ltr'><strong>lu</strong></span> <span class='ocrx_word' id='word_1_618' title='bbox 3030 2051 3175 2096; x_wconf 71' lang='lat' dir='ltr'><strong>utens</strong></span> <span class='ocrx_word' id='word_1_619' title='bbox 3205 2040 3253 2086; x_wconf 90' lang='lat' dir='ltr'><strong>in</strong></span> <span class='ocrx_word' id='word_1_620' title='bbox 3287 2034 3456 2087; x_wconf 75' lang='lat' dir='ltr'><strong>Evan-</strong></span> 
     </span>
    </p>
   </div>
   <div class='ocr_carea' id='block_1_81' title="bbox 1908 2120 3456 2190">
    <p class='ocr_par' dir='ltr' id='par_1_81' title="bbox 1908 2120 3456 2190">
     <span class='ocr_line' id='line_1_81' title="bbox 1908 2120 3456 2190; baseline 0.002 -18"><span class='ocrx_word' id='word_1_621' title='bbox 1908 2121 2044 2190; x_wconf 89' lang='lat' dir='ltr'><strong>gelio</strong></span> <span class='ocrx_word' id='word_1_622' title='bbox 2077 2139 2088 2172; x_wconf 90' lang='lat'><strong>:</strong></span> <span class='ocrx_word' id='word_1_623' title='bbox 2125 2120 2196 2175; x_wconf 89' lang='lat' dir='ltr'><strong>De</strong></span> <span class='ocrx_word' id='word_1_624' title='bbox 2226 2137 2308 2175; x_wconf 90' lang='lat' dir='ltr'><strong>me</strong></span> <span class='ocrx_word' id='word_1_625' title='bbox 2337 2123 2497 2186; x_wconf 88' lang='lat' dir='ltr'><strong>enim,</strong></span> <span class='ocrx_word' id='word_1_626' title='bbox 2527 2122 2715 2190; x_wconf 87' lang='lat' dir='ltr'><strong>inquit,</strong></span> <span class='ocrx_word' id='word_1_627' title='bbox 2749 2122 2835 2174; x_wconf 81' lang='lat' dir='ltr'><strong>ille</strong></span> <span class='ocrx_word' id='word_1_628' title='bbox 2859 2123 3087 2189; x_wconf 71' lang='lat' dir='ltr'><strong>scripsit.</strong></span> <span class='ocrx_word' id='word_1_629' title='bbox 3119 2122 3265 2186; x_wconf 83' lang='lat' dir='ltr'><strong>Quod</strong></span> <span class='ocrx_word' id='word_1_630' title='bbox 3297 2123 3339 2176; x_wconf 86' lang='lat' dir='ltr'><strong>si</strong></span> <span class='ocrx_word' id='word_1_631' title='bbox 3382 2124 3456 2175; x_wconf 89' lang='lat' dir='ltr'><strong>le-</strong></span> 
     </span>
    </p>
   </div>
   <div class='ocr_carea' id='block_1_82' title="bbox 1909 2209 3458 2289">
    <p class='ocr_par' dir='ltr' id='par_1_82' title="bbox 1909 2209 3458 2289">
     <span class='ocr_line' id='line_1_82' title="bbox 1909 2209 3458 2289; baseline 0.003 -29"><span class='ocrx_word' id='word_1_632' title='bbox 1909 2211 2046 2278; x_wconf 78' lang='lat' dir='ltr'><strong>gitur</strong></span> <span class='ocrx_word' id='word_1_633' title='bbox 2076 2209 2164 2262; x_wconf 88' lang='lat' dir='ltr'><strong>lilii</strong></span> <span class='ocrx_word' id='word_1_634' title='bbox 2196 2209 2364 2275; x_wconf 77' lang='lat' dir='ltr'><strong>Thau,</strong></span> <span class='ocrx_word' id='word_1_635' title='bbox 2410 2209 2456 2263; x_wconf 94' lang='lat' dir='ltr'><strong>id</strong></span> <span class='ocrx_word' id='word_1_636' title='bbox 2490 2220 2590 2274; x_wconf 88' lang='lat' dir='ltr'><strong>est,</strong></span> <span class='ocrx_word' id='word_1_637' title='bbox 2625 2210 2944 2271; x_wconf 86' lang='lat' dir='ltr'><strong>testamenti,</strong></span> <span class='ocrx_word' id='word_1_638' title='bbox 2992 2211 3068 2263; x_wconf 83' lang='lat' dir='ltr'><strong>vel</strong></span> <span class='ocrx_word' id='word_1_639' title='bbox 3115 2211 3380 2289; x_wconf 24' lang='lat' dir='ltr'><strong>errantis”</strong></span> <span class='ocrx_word' id='word_1_640' title='bbox 3405 2222 3458 2264; x_wconf 86' lang='lat' dir='ltr'><strong>et</strong></span> 
     </span>
    </p>
   </div>
   <div class='ocr_carea' id='block_1_83' title="bbox 1914 2301 3459 2370">
    <p class='ocr_par' dir='ltr' id='par_1_83' title="bbox 1914 2301 3459 2370">
     <span class='ocr_line' id='line_1_83' title="bbox 1914 2301 3459 2370; baseline 0.002 -18"><span class='ocrx_word' id='word_1_641' title='bbox 1914 2301 2013 2353; x_wconf 81' lang='lat' dir='ltr'><strong>huc</strong></span> <span class='ocrx_word' id='word_1_642' title='bbox 2044 2301 2251 2354; x_wconf 89' lang='lat' dir='ltr'><strong>illorum</strong></span> <span class='ocrx_word' id='word_1_643' title='bbox 2294 2303 2573 2355; x_wconf 75' lang='lat' dir='ltr'><strong>virtutibus</strong></span> <span class='ocrx_word' id='word_1_644' title='bbox 2612 2317 2803 2355; x_wconf 88' lang='lat' dir='ltr'><strong>nomen</strong></span> <span class='ocrx_word' id='word_1_645' title='bbox 2839 2303 3099 2370; x_wconf 77' lang='lat' dir='ltr'><strong>congruit,</strong></span> <span class='ocrx_word' id='word_1_646' title='bbox 3149 2302 3236 2370; x_wconf 89' lang='lat' dir='ltr'><strong>qui</strong></span> <span class='ocrx_word' id='word_1_647' title='bbox 3281 2303 3459 2356; x_wconf 83' lang='lat' dir='ltr'><strong>dicere</strong></span> 
     </span>
    </p>
   </div>
   <div class='ocr_carea' id='block_1_84' title="bbox 1914 2393 3460 2457">
    <p class='ocr_par' dir='ltr' id='par_1_84' title="bbox 1914 2393 3460 2457">
     <span class='ocr_line' id='line_1_84' title="bbox 1914 2393 3460 2457; baseline 0.003 -15"><span class='ocrx_word' id='word_1_648' title='bbox 1914 2403 2140 2454; x_wconf 90' lang='lat' dir='ltr'><strong>norunt;</strong></span> <span class='ocrx_word' id='word_1_649' title='bbox 2172 2393 2272 2444; x_wconf 79' lang='lat' dir='ltr'><strong>sive</strong></span> <span class='ocrx_word' id='word_1_650' title='bbox 2299 2394 2433 2444; x_wconf 77' lang='lat' dir='ltr'><strong>enim</strong></span> <span class='ocrx_word' id='word_1_651' title='bbox 2461 2405 2621 2445; x_wconf 83' lang='lat' dir='ltr'><strong>mente</strong></span> <span class='ocrx_word' id='word_1_652' title='bbox 2661 2393 2959 2457; x_wconf 75' lang='lat' dir='ltr'><strong>excidimus,</strong></span> <span class='ocrx_word' id='word_1_653' title='bbox 2999 2393 3132 2457; x_wconf 85' lang='lat' dir='ltr'><strong>Deo;</strong></span> <span class='ocrx_word' id='word_1_654' title='bbox 3159 2394 3259 2446; x_wconf 78' lang='lat' dir='ltr'><strong>sive</strong></span> <span class='ocrx_word' id='word_1_655' title='bbox 3307 2394 3460 2446; x_wconf 86' lang='lat' dir='ltr'><strong>sobrii</strong></span> 
     </span>
    </p>
   </div>
   <div class='ocr_carea' id='block_1_85' title="bbox 1911 2467 3459 2551">
    <p class='ocr_par' dir='ltr' id='par_1_85' title="bbox 1911 2467 3459 2551">
     <span class='ocr_line' id='line_1_85' title="bbox 1911 2467 3459 2551; baseline 0 -19"><span class='ocrx_word' id='word_1_656' title='bbox 1911 2497 2102 2546; x_wconf 80' lang='lat' dir='ltr'><strong>sumus,</strong></span> <span class='ocrx_word' id='word_1_657' title='bbox 2135 2481 2302 2545; x_wconf 78' lang='lat' dir='ltr'><strong>vobis;</strong></span> <span class='ocrx_word' id='word_1_658' title='bbox 2325 2492 2369 2534; x_wconf 91' lang='lat' dir='ltr'><strong>et</strong></span> <span class='ocrx_word' id='word_1_659' title='bbox 2399 2499 2488 2534; x_wconf 90' lang='lat' dir='ltr'><strong>nos</strong></span> <span class='ocrx_word' id='word_1_660' title='bbox 2511 2483 2652 2535; x_wconf 85' lang='lat' dir='ltr'><strong>stulti</strong></span> <span class='ocrx_word' id='word_1_661' title='bbox 2675 2467 2878 2551; x_wconf 81' lang='lat' dir='ltr'><strong>propter</strong></span> <span class='ocrx_word' id='word_1_662' title='bbox 2907 2482 3307 2535; x_wconf 61' lang='lat' dir='ltr'><strong>Christum..Sed</strong></span> <span class='ocrx_word' id='word_1_663' title='bbox 3326 2485 3459 2549; x_wconf 69' lang='lat' dir='ltr'><strong>quod</strong></span> 
     </span>
    </p>
   </div>
   <div class='ocr_carea' id='block_1_86' title="bbox 1913 2561 3456 2638">
    <p class='ocr_par' dir='ltr' id='par_1_86' title="bbox 1913 2561 3456 2638">
     <span class='ocr_line' id='line_1_86' title="bbox 1913 2561 3456 2638; baseline 0.001 -17"><span class='ocrx_word' id='word_1_664' title='bbox 1913 2570 2119 2622; x_wconf 86' lang='lat' dir='ltr'><strong>stultum</strong></span> <span class='ocrx_word' id='word_1_665' title='bbox 2146 2579 2213 2622; x_wconf 85' lang='lat' dir='ltr'><strong>est</strong></span> <span class='ocrx_word' id='word_1_666' title='bbox 2249 2568 2359 2632; x_wconf 85' lang='lat' dir='ltr'><strong>Dei,</strong></span> <span class='ocrx_word' id='word_1_667' title='bbox 2390 2570 2665 2636; x_wconf 84' lang='lat' dir='ltr'><strong>sapientius</strong></span> <span class='ocrx_word' id='word_1_668' title='bbox 2707 2579 2776 2622; x_wconf 89' lang='lat' dir='ltr'><strong>est</strong></span> <span class='ocrx_word' id='word_1_669' title='bbox 2822 2561 3101 2622; x_wconf 70' lang='lat' dir='ltr'><strong>hominzbus</strong></span> <span class='ocrx_word' id='word_1_670' title='bbox 3132 2567 3215 2638; x_wconf 87' lang='lat' dir='ltr'><strong>(Il</strong></span> <span class='ocrx_word' id='word_1_671' title='bbox 3247 2568 3361 2622; x_wconf 88' lang='lat' dir='ltr'><strong>Cor.</strong></span> <span class='ocrx_word' id='word_1_672' title='bbox 3393 2585 3456 2623; x_wconf 86' lang='lat' dir='ltr'><strong>v;</strong></span> 
     </span>
    </p>
   </div>
   <div class='ocr_carea' id='block_1_87' title="bbox 1917 2658 3458 2730">
    <p class='ocr_par' dir='ltr' id='par_1_87' title="bbox 1917 2658 3458 2730">
     <span class='ocr_line' id='line_1_87' title="bbox 1917 2658 3458 2730; baseline -0.001 -18"><span class='ocrx_word' id='word_1_673' title='bbox 1917 2660 1940 2712; x_wconf 84' lang='grc' dir='ltr'><strong><em>Ι</em></strong></span> <span class='ocrx_word' id='word_1_674' title='bbox 1969 2659 2086 2714; x_wconf 87' lang='lat' dir='ltr'><strong>Cor.</strong></span> <span class='ocrx_word' id='word_1_675' title='bbox 2115 2660 2175 2730; x_wconf 89' lang='lat' dir='ltr'><strong>I).</strong></span> <span class='ocrx_word' id='word_1_676' title='bbox 2203 2659 2436 2729; x_wconf 86' lang='lat' dir='ltr'><strong>Denique</strong></span> <span class='ocrx_word' id='word_1_677' title='bbox 2464 2661 2653 2714; x_wconf 85' lang='lat' dir='ltr'><strong>Paulus</strong></span> <span class='ocrx_word' id='word_1_678' title='bbox 2692 2672 2813 2714; x_wconf 88' lang='lat' dir='ltr'><strong>ante</strong></span> <span class='ocrx_word' id='word_1_679' title='bbox 2837 2659 3041 2729; x_wconf 88' lang='lat' dir='ltr'><strong>judices</strong></span> <span class='ocrx_word' id='word_1_680' title='bbox 3086 2658 3262 2714; x_wconf 68' lang='lat' dir='ltr'><strong>saeculi</strong></span> <span class='ocrx_word' id='word_1_681' title='bbox 3313 2670 3458 2712; x_wconf 86' lang='lat' dir='ltr'><strong>stans</strong></span> 
     </span>
    </p>
   </div>
   <div class='ocr_carea' id='block_1_88' title="bbox 1917 2751 3459 2819">
    <p class='ocr_par' dir='ltr' id='par_1_88' title="bbox 1917 2751 3459 2819">
     <span class='ocr_line' id='line_1_88' title="bbox 1917 2751 3459 2819; baseline -0.001 -14"><span class='ocrx_word' id='word_1_682' title='bbox 1917 2763 2221 2819; x_wconf 81' lang='lat' dir='ltr'><strong>eatenatus,</strong></span> <span class='ocrx_word' id='word_1_683' title='bbox 2254 2755 2371 2818; x_wconf 90' lang='lat' dir='ltr'><strong>quia</strong></span> <span class='ocrx_word' id='word_1_684' title='bbox 2419 2752 2626 2805; x_wconf 87' lang='lat' dir='ltr'><strong>dicendi</strong></span> <span class='ocrx_word' id='word_1_685' title='bbox 2677 2753 2919 2805; x_wconf 76' lang='lat' dir='ltr'><strong>facultate</strong></span> <span class='ocrx_word' id='word_1_686' title='bbox 2967 2760 3197 2818; x_wconf 79' lang='lat' dir='ltr'><strong>accepta,</strong></span> <span class='ocrx_word' id='word_1_687' title='bbox 3251 2767 3352 2805; x_wconf 91' lang='lat' dir='ltr'><strong>non</strong></span> <span class='ocrx_word' id='word_1_688' title='bbox 3395 2751 3459 2804; x_wconf 90' lang='lat' dir='ltr'><strong>de</strong></span> 
     </span>
    </p>
   </div>
   <div class='ocr_carea' id='block_1_89' title="bbox 1918 2840 3458 2906">
    <p class='ocr_par' dir='ltr' id='par_1_89' title="bbox 1918 2840 3458 2906">
     <span class='ocr_line' id='line_1_89' title="bbox 1918 2840 3458 2906; baseline 0.001 -16"><span class='ocrx_word' id='word_1_689' title='bbox 1918 2841 2163 2904; x_wconf 76' lang='lat' dir='ltr'><strong>vinculis,</strong></span> <span class='ocrx_word' id='word_1_690' title='bbox 2196 2841 2385 2906; x_wconf 88' lang='lat' dir='ltr'><strong>quibus</strong></span> <span class='ocrx_word' id='word_1_691' title='bbox 2413 2841 2729 2893; x_wconf 85' lang='lat' dir='ltr'><strong>onerabatur</strong></span> <span class='ocrx_word' id='word_1_692' title='bbox 2758 2841 3012 2905; x_wconf 78' lang='lat' dir='ltr'><strong>exterius,</strong></span> <span class='ocrx_word' id='word_1_693' title='bbox 3045 2841 3137 2892; x_wconf 87' lang='lat' dir='ltr'><strong>sed</strong></span> <span class='ocrx_word' id='word_1_694' title='bbox 3179 2840 3243 2893; x_wconf 87' lang='lat' dir='ltr'><strong>de</strong></span> <span class='ocrx_word' id='word_1_695' title='bbox 3273 2840 3458 2892; x_wconf 87' lang='lat' dir='ltr'><strong>fiducia</strong></span> 
     </span>
    </p>
   </div>
   <div class='ocr_carea' id='block_1_90' title="bbox 1917 2927 3462 2996">
    <p class='ocr_par' dir='ltr' id='par_1_90' title="bbox 1917 2927 3462 2996">
     <span class='ocr_line' id='line_1_90' title="bbox 1917 2927 3462 2996; baseline -0.001 -16"><span class='ocrx_word' id='word_1_696' title='bbox 1917 2927 2188 2990; x_wconf 87' lang='lat' dir='ltr'><strong>virtutum,</strong></span> <span class='ocrx_word' id='word_1_697' title='bbox 2241 2928 2308 2981; x_wconf 91' lang='lat' dir='ltr'><strong>de</strong></span> <span class='ocrx_word' id='word_1_698' title='bbox 2346 2929 2535 2996; x_wconf 78' lang='lat' dir='ltr'><strong>quibus</strong></span> <span class='ocrx_word' id='word_1_699' title='bbox 2585 2927 2723 2980; x_wconf 83' lang='lat' dir='ltr'><strong>intus</strong></span> <span class='ocrx_word' id='word_1_700' title='bbox 2774 2929 3113 2995; x_wconf 86' lang='lat' dir='ltr'><strong>gloriabatur,</strong></span> <span class='ocrx_word' id='word_1_701' title='bbox 3162 2931 3462 2996; x_wconf 82' lang='lat' dir='ltr'><strong>perorabat,</strong></span> 
     </span>
    </p>
   </div>
   <div class='ocr_carea' id='block_1_91' title="bbox 1917 3018 3462 3082">
    <p class='ocr_par' dir='ltr' id='par_1_91' title="bbox 1917 3018 3462 3082">
     <span class='ocr_line' id='line_1_91' title="bbox 1917 3018 3462 3082; baseline -0.001 -11"><span class='ocrx_word' id='word_1_702' title='bbox 1917 3019 2117 3073; x_wconf 87' lang='lat' dir='ltr'><strong>audivit</strong></span> <span class='ocrx_word' id='word_1_703' title='bbox 2146 3037 2157 3071; x_wconf 92' lang='lat'>:</span> <span class='ocrx_word' id='word_1_704' title='bbox 2184 3019 2406 3082; x_wconf 85' lang='lat' dir='ltr'><strong>Insanis,</strong></span> <span class='ocrx_word' id='word_1_705' title='bbox 2439 3018 2628 3082; x_wconf 83' lang='lat' dir='ltr'><strong>Paule,</strong></span> <span class='ocrx_word' id='word_1_706' title='bbox 2656 3020 2822 3071; x_wconf 72' lang='lat' dir='ltr'><strong>multm</strong></span> <span class='ocrx_word' id='word_1_707' title='bbox 2846 3028 2891 3071; x_wconf 90' lang='lat' dir='ltr'><strong>te</strong></span> <span class='ocrx_word' id='word_1_708' title='bbox 2918 3020 3094 3072; x_wconf 67' lang='lat' dir='ltr'><strong>littera:</strong></span> <span class='ocrx_word' id='word_1_709' title='bbox 3121 3020 3185 3072; x_wconf 85' lang='lat' dir='ltr'><strong>ad</strong></span> <span class='ocrx_word' id='word_1_710' title='bbox 3214 3021 3462 3072; x_wconf 84' lang='lat' dir='ltr'><strong>insaniam</strong></span> 
     </span>
    </p>
   </div>
   <div class='ocr_carea' id='block_1_92' title="bbox 1921 3107 3464 3178">
    <p class='ocr_par' dir='ltr' id='par_1_92' title="bbox 1921 3107 3464 3178">
     <span class='ocr_line' id='line_1_92' title="bbox 1921 3107 3464 3178; baseline -0.001 -18"><span class='ocrx_word' id='word_1_711' title='bbox 1921 3117 2190 3176; x_wconf 83' lang='lat' dir='ltr'><strong>provocant</strong></span> <span class='ocrx_word' id='word_1_712' title='bbox 2221 3108 2352 3178; x_wconf 69' lang='lat' dir='ltr'><strong>(Act.</strong></span> <span class='ocrx_word' id='word_1_713' title='bbox 2387 3107 2549 3176; x_wconf 82' lang='lat' dir='ltr'><strong>xxvi).</strong></span> <span class='ocrx_word' id='word_1_714' title='bbox 2580 3109 2646 3160; x_wconf 79' lang='lat' dir='ltr'><strong>Et</strong></span> <span class='ocrx_word' id='word_1_715' title='bbox 2691 3107 2932 3161; x_wconf 87' lang='lat' dir='ltr'><strong>Salvator</strong></span> <span class='ocrx_word' id='word_1_716' title='bbox 2977 3109 3086 3174; x_wconf 64' lang='lat' dir='ltr'><strong>ipse</strong></span> <span class='ocrx_word' id='word_1_717' title='bbox 3135 3107 3360 3176; x_wconf 87' lang='lat' dir='ltr'><strong>loquitur</strong></span> <span class='ocrx_word' id='word_1_718' title='bbox 3402 3111 3464 3159; x_wconf 79' lang='lat' dir='ltr'><strong>ad</strong></span> 
     </span>
    </p>
   </div>
   <div class='ocr_carea' id='block_1_93' title="bbox 1923 3199 3466 3270">
    <p class='ocr_par' dir='ltr' id='par_1_93' title="bbox 1923 3199 3466 3270">
     <span class='ocr_line' id='line_1_93' title="bbox 1923 3199 3466 3270; baseline -0.002 -15"><span class='ocrx_word' id='word_1_719' title='bbox 1923 3201 2129 3255; x_wconf 84' lang='lat' dir='ltr'><strong>Patrem</strong></span> <span class='ocrx_word' id='word_1_720' title='bbox 2183 3219 2194 3252; x_wconf 87' lang='lat'><strong><em>:</em></strong></span> <span class='ocrx_word' id='word_1_721' title='bbox 2247 3200 2410 3259; x_wconf 88' lang='lat' dir='ltr'><strong>Deus.</strong></span> <span class='ocrx_word' id='word_1_722' title='bbox 2455 3211 2508 3252; x_wconf 88' lang='lat' dir='ltr'><strong>tu</strong></span> <span class='ocrx_word' id='word_1_723' title='bbox 2552 3201 2649 3253; x_wconf 88' lang='lat' dir='ltr'><strong>scis</strong></span> <span class='ocrx_word' id='word_1_724' title='bbox 2695 3201 3032 3267; x_wconf 71' lang='lat' dir='ltr'><strong>insipient’am</strong></span> <span class='ocrx_word' id='word_1_725' title='bbox 3076 3217 3233 3253; x_wconf 82' lang='lat' dir='ltr'><strong>meam</strong></span> <span class='ocrx_word' id='word_1_726' title='bbox 3279 3199 3466 3270; x_wconf 84' lang='lat' dir='ltr'><strong>(Psal.</strong></span> 
     </span>
    </p>
   </div>
   <div class='ocr_carea' id='block_1_94' title="bbox 1924 3290 3466 3359">
    <p class='ocr_par' dir='ltr' id='par_1_94' title="bbox 1924 3290 3466 3359">
     <span class='ocr_line' id='line_1_94' title="bbox 1924 3290 3466 3359; baseline -0.001 -15"><span class='ocrx_word' id='word_1_727' title='bbox 1924 3292 2131 3359; x_wconf 80' lang='lat' dir='ltr'><strong>vaut).</strong></span> <span class='ocrx_word' id='word_1_728' title='bbox 2164 3292 2331 3355; x_wconf 85' lang='lat' dir='ltr'><strong>Quem</strong></span> <span class='ocrx_word' id='word_1_729' title='bbox 2365 3291 2412 3341; x_wconf 91' lang='lat' dir='ltr'><strong>in</strong></span> <span class='ocrx_word' id='word_1_730' title='bbox 2449 3290 2751 3358; x_wconf 68' lang='lat' dir='ltr'><strong>Evangelii),</strong></span> <span class='ocrx_word' id='word_1_731' title='bbox 2780 3299 2832 3344; x_wconf 90' lang='lat' dir='ltr'><strong>et</strong></span> <span class='ocrx_word' id='word_1_732' title='bbox 2856 3291 3128 3357; x_wconf 84' lang='lat' dir='ltr'><strong>propinqui</strong></span> <span class='ocrx_word' id='word_1_733' title='bbox 3151 3291 3293 3357; x_wconf 88' lang='lat' dir='ltr'><strong>quasi</strong></span> <span class='ocrx_word' id='word_1_734' title='bbox 3322 3304 3466 3343; x_wconf 79' lang='lat' dir='ltr'><strong>ineu-</strong></span> 
     </span>
    </p>
   </div>
   <div class='ocr_carea' id='block_1_95' title="bbox 1923 3379 3468 3448">
    <p class='ocr_par' dir='ltr' id='par_1_95' title="bbox 1923 3379 3468 3448">
     <span class='ocr_line' id='line_1_95' title="bbox 1923 3379 3468 3448; baseline -0.003 -14"><span class='ocrx_word' id='word_1_735' title='bbox 1923 3382 1991 3435; x_wconf 89' lang='lat' dir='ltr'><strong>tis</strong></span> <span class='ocrx_word' id='word_1_736' title='bbox 2030 3386 2370 3448; x_wconf 86' lang='lat' dir='ltr'><strong>impotentem</strong></span> <span class='ocrx_word' id='word_1_737' title='bbox 2403 3379 2563 3448; x_wconf 82' lang='lat' dir='ltr'><strong>ligare</strong></span> <span class='ocrx_word' id='word_1_738' title='bbox 2605 3379 2907 3445; x_wconf 77' lang='lat' dir='ltr'><strong>cupiebant,</strong></span> <span class='ocrx_word' id='word_1_739' title='bbox 2947 3389 2998 3431; x_wconf 83' lang='lat' dir='ltr'><strong>et</strong></span> <span class='ocrx_word' id='word_1_740' title='bbox 3046 3379 3327 3431; x_wconf 90' lang='lat' dir='ltr'><strong>adversarii</strong></span> <span class='ocrx_word' id='word_1_741' title='bbox 3366 3380 3468 3431; x_wconf 61' lang='grc' dir='ltr'><strong>τίω.</strong></span> 
     </span>
    </p>
   </div>
   <div class='ocr_carea' id='block_1_96' title="bbox 1926 3469 3466 3536">
    <p class='ocr_par' dir='ltr' id='par_1_96' title="bbox 1926 3469 3466 3536">
     <span class='ocr_line' id='line_1_96' title="bbox 1926 3469 3466 3536; baseline -0.003 -11"><span class='ocrx_word' id='word_1_742' title='bbox 1926 3472 2156 3526; x_wconf 88' lang='lat' dir='ltr'><strong>monium</strong></span> <span class='ocrx_word' id='word_1_743' title='bbox 2190 3470 2435 3530; x_wconf 87' lang='lat' dir='ltr'><strong>habuisse</strong></span> <span class='ocrx_word' id='word_1_744' title='bbox 2478 3469 2791 3536; x_wconf 86' lang='lat' dir='ltr'><strong>sugillabant</strong></span> <span class='ocrx_word' id='word_1_745' title='bbox 2825 3470 3002 3535; x_wconf 84' lang='lat' dir='ltr'><strong>(Joun.</strong></span> <span class='ocrx_word' id='word_1_746' title='bbox 3041 3470 3188 3536; x_wconf 79' lang='lat' dir='ltr'><strong>xvii).</strong></span> <span class='ocrx_word' id='word_1_747' title='bbox 3219 3470 3466 3530; x_wconf 80' lang='lat' dir='ltr'><strong>Specula-</strong></span> 
     </span>
    </p>
   </div>
   <div class='ocr_carea' id='block_1_97' title="bbox 1926 3559 3466 3628">
    <p class='ocr_par' dir='ltr' id='par_1_97' title="bbox 1926 3559 3466 3628">
     <span class='ocr_line' id='line_1_97' title="bbox 1926 3559 3466 3628; baseline -0.003 -11"><span class='ocrx_word' id='word_1_748' title='bbox 1926 3576 2006 3618; x_wconf 90' lang='lat' dir='ltr'><strong>tor</strong></span> <span class='ocrx_word' id='word_1_749' title='bbox 2033 3577 2156 3616; x_wconf 90' lang='lat' dir='ltr'><strong>vero</strong></span> <span class='ocrx_word' id='word_1_750' title='bbox 2184 3559 2480 3615; x_wconf 62' lang='lat' dir='ltr'><strong>celestiqu</strong></span> <span class='ocrx_word' id='word_1_751' title='bbox 2510 3560 2842 3628; x_wconf 89' lang='lat' dir='ltr'><strong>gaudiorum,</strong></span> <span class='ocrx_word' id='word_1_752' title='bbox 2877 3561 3012 3625; x_wconf 86' lang='lat' dir='ltr'><strong>quod</strong></span> <span class='ocrx_word' id='word_1_753' title='bbox 3044 3561 3248 3612; x_wconf 86' lang='lat' dir='ltr'><strong>animus</strong></span> <span class='ocrx_word' id='word_1_754' title='bbox 3273 3562 3466 3613; x_wconf 73' lang='lat' dir='ltr'><strong>eleeto-</strong></span> 
     </span>
    </p>
   </div>
   <div class='ocr_carea' id='block_1_98' title="bbox 1923 3649 3468 3719">
    <p class='ocr_par' dir='ltr' id='par_1_98' title="bbox 1923 3649 3468 3719">
     <span class='ocr_line' id='line_1_98' title="bbox 1923 3649 3468 3719; baseline -0.003 -11"><span class='ocrx_word' id='word_1_755' title='bbox 1923 3669 2038 3708; x_wconf 81' lang='lat' dir='ltr'><strong>rum</strong></span> <span class='ocrx_word' id='word_1_756' title='bbox 2071 3653 2137 3705; x_wconf 89' lang='lat' dir='ltr'><strong>sit</strong></span> <span class='ocrx_word' id='word_1_757' title='bbox 2166 3651 2334 3715; x_wconf 90' lang='lat' dir='ltr'><strong>solus,</strong></span> <span class='ocrx_word' id='word_1_758' title='bbox 2367 3652 2674 3719; x_wconf 83' lang='lat' dir='ltr'><strong>ignoratque</strong></span> <span class='ocrx_word' id='word_1_759' title='bbox 2702 3651 2768 3703; x_wconf 88' lang='lat' dir='ltr'><strong>de</strong></span> <span class='ocrx_word' id='word_1_760' title='bbox 2813 3649 2951 3703; x_wconf 76' lang='lat' dir='ltr'><strong>illius</strong></span> <span class='ocrx_word' id='word_1_761' title='bbox 2999 3650 3114 3702; x_wconf 80' lang='lat' dir='ltr'><strong>vita:</strong></span> <span class='ocrx_word' id='word_1_762' title='bbox 3158 3650 3364 3715; x_wconf 70' lang='lat' dir='ltr'><strong>gaudio,</strong></span> <span class='ocrx_word' id='word_1_763' title='bbox 3399 3651 3468 3702; x_wconf 89' lang='lat' dir='ltr'><strong>nil</strong></span> 
     </span>
    </p>
   </div>
   <div class='ocr_carea' id='block_1_99' title="bbox 1924 3740 3473 3810">
    <p class='ocr_par' dir='ltr' id='par_1_99' title="bbox 1924 3740 3473 3810">
     <span class='ocr_line' id='line_1_99' title="bbox 1924 3740 3473 3810; baseline -0.003 -14"><span class='ocrx_word' id='word_1_764' title='bbox 1924 3742 2184 3810; x_wconf 89' lang='lat' dir='ltr'><strong>speculari</strong></span> <span class='ocrx_word' id='word_1_765' title='bbox 2226 3740 2429 3793; x_wconf 82' lang='lat' dir='ltr'><strong>didicit.</strong></span> <span class='ocrx_word' id='word_1_766' title='bbox 2463 3741 2514 3792; x_wconf 91' lang='lat' dir='ltr'><strong>ln</strong></span> <span class='ocrx_word' id='word_1_767' title='bbox 2559 3740 2736 3793; x_wconf 87' lang='lat' dir='ltr'><strong>talium</strong></span> <span class='ocrx_word' id='word_1_768' title='bbox 2779 3755 2904 3808; x_wconf 86' lang='lat' dir='ltr'><strong>ergo</strong></span> <span class='ocrx_word' id='word_1_769' title='bbox 2944 3751 3173 3805; x_wconf 83' lang='lat' dir='ltr'><strong>pectore,</strong></span> <span class='ocrx_word' id='word_1_770' title='bbox 3220 3751 3272 3792; x_wconf 89' lang='lat' dir='ltr'><strong>et</strong></span> <span class='ocrx_word' id='word_1_771' title='bbox 3304 3756 3365 3794; x_wconf 77' lang='lat' dir='ltr'><strong>ex</strong></span> <span class='ocrx_word' id='word_1_772' title='bbox 3400 3749 3473 3792; x_wconf 54' lang='lat' dir='ltr'><strong>ta.</strong></span> 
     </span>
    </p>
   </div>
   <div class='ocr_carea' id='block_1_100' title="bbox 1928 3831 3476 3898">
    <p class='ocr_par' dir='ltr' id='par_1_100' title="bbox 1928 3831 3476 3898">
     <span class='ocr_line' id='line_1_100' title="bbox 1928 3831 3476 3898; baseline -0.002 -11"><span class='ocrx_word' id='word_1_773' title='bbox 1928 3834 2050 3887; x_wconf 92' lang='lat' dir='ltr'><strong>lium</strong></span> <span class='ocrx_word' id='word_1_774' title='bbox 2075 3848 2168 3887; x_wconf 90' lang='lat' dir='ltr'><strong>ore</strong></span> <span class='ocrx_word' id='word_1_775' title='bbox 2209 3833 2292 3885; x_wconf 81' lang='lat' dir='ltr'><strong>vel</strong></span> <span class='ocrx_word' id='word_1_776' title='bbox 2341 3847 2500 3896; x_wconf 90' lang='lat' dir='ltr'><strong>opere</strong></span> <span class='ocrx_word' id='word_1_777' title='bbox 2527 3847 2731 3897; x_wconf 87' lang='lat' dir='ltr'><strong>semper</strong></span> <span class='ocrx_word' id='word_1_778' title='bbox 2761 3831 2879 3893; x_wconf 91' lang='lat' dir='ltr'><strong>fide,</strong></span> <span class='ocrx_word' id='word_1_779' title='bbox 2911 3847 3004 3898; x_wconf 85' lang='lat' dir='ltr'><strong>spe</strong></span> <span class='ocrx_word' id='word_1_780' title='bbox 3030 3842 3082 3885; x_wconf 92' lang='lat' dir='ltr'><strong>et</strong></span> <span class='ocrx_word' id='word_1_781' title='bbox 3109 3831 3362 3883; x_wconf 65' lang='lat' dir='ltr'><strong>thaiitate</strong></span> <span class='ocrx_word' id='word_1_782' title='bbox 3384 3846 3476 3897; x_wconf 77' lang='lat' dir='ltr'><strong>ge-</strong></span> 
     </span>
    </p>
   </div>
   <div class='ocr_carea' id='block_1_101' title="bbox 1929 3921 3471 3990">
    <p class='ocr_par' dir='ltr' id='par_1_101' title="bbox 1929 3921 3471 3990">
     <span class='ocr_line' id='line_1_101' title="bbox 1929 3921 3471 3990; baseline -0.003 -13"><span class='ocrx_word' id='word_1_783' title='bbox 1929 3932 2141 3978; x_wconf 88' lang='lat' dir='ltr'><strong>neratus</strong></span> <span class='ocrx_word' id='word_1_784' title='bbox 2167 3923 2437 3986; x_wconf 83' lang='lat' dir='ltr'><strong>Salvator,</strong></span> <span class='ocrx_word' id='word_1_785' title='bbox 2473 3924 2866 3990; x_wconf 87' lang='lat' dir='ltr'><strong>pulverulentus</strong></span> <span class='ocrx_word' id='word_1_786' title='bbox 2894 3928 2947 3974; x_wconf 88' lang='lat' dir='ltr'><strong>et</strong></span> <span class='ocrx_word' id='word_1_787' title='bbox 2977 3923 3103 3973; x_wconf 90' lang='lat' dir='ltr'><strong>uber</strong></span> <span class='ocrx_word' id='word_1_788' title='bbox 3132 3921 3378 3986; x_wconf 87' lang='lat' dir='ltr'><strong>appellari</strong></span> <span class='ocrx_word' id='word_1_789' title='bbox 3408 3922 3471 3972; x_wconf 85' lang='lat' dir='ltr'><strong>ad</strong></span> 
     </span>
    </p>
   </div>
   <div class='ocr_carea' id='block_1_102' title="bbox 1932 4009 3474 4082">
    <p class='ocr_par' dir='ltr' id='par_1_102' title="bbox 1932 4009 3474 4082">
     <span class='ocr_line' id='line_1_102' title="bbox 1932 4009 3474 4082; baseline -0.005 -14"><span class='ocrx_word' id='word_1_790' title='bbox 1932 4026 2135 4082; x_wconf 91' lang='lat' dir='ltr'><strong>tempus</strong></span> <span class='ocrx_word' id='word_1_791' title='bbox 2166 4012 2343 4078; x_wconf 88' lang='lat' dir='ltr'><strong>simul,</strong></span> <span class='ocrx_word' id='word_1_792' title='bbox 2378 4021 2428 4065; x_wconf 83' lang='lat' dir='ltr'><strong>et</strong></span> <span class='ocrx_word' id='word_1_793' title='bbox 2459 4026 2712 4078; x_wconf 84' lang='lat' dir='ltr'><strong>apparere</strong></span> <span class='ocrx_word' id='word_1_794' title='bbox 2739 4011 2982 4078; x_wconf 76' lang='lat' dir='ltr'><strong>dignatus</strong></span> <span class='ocrx_word' id='word_1_795' title='bbox 3007 4020 3106 4072; x_wconf 82' lang='lat' dir='ltr'><strong>est,</strong></span> <span class='ocrx_word' id='word_1_796' title='bbox 3139 4011 3260 4062; x_wconf 91' lang='lat' dir='ltr'><strong>dum</strong></span> <span class='ocrx_word' id='word_1_797' title='bbox 3303 4009 3474 4060; x_wconf 88' lang='lat' dir='ltr'><strong>carnis</strong></span> 
     </span>
    </p>
   </div>
   <div class='ocr_carea' id='block_1_103' title="bbox 1930 4096 3472 4171">
    <p class='ocr_par' dir='ltr' id='par_1_103' title="bbox 1930 4096 3472 4171">
     <span class='ocr_line' id='line_1_103' title="bbox 1930 4096 3472 4171; baseline -0.005 -15"><span class='ocrx_word' id='word_1_798' title='bbox 1930 4103 2266 4171; x_wconf 75' lang='lat' dir='ltr'><strong>fragilitatem</strong></span> <span class='ocrx_word' id='word_1_799' title='bbox 2311 4101 2625 4168; x_wconf 88' lang='lat' dir='ltr'><strong>suscipiens,</strong></span> <span class='ocrx_word' id='word_1_800' title='bbox 2675 4111 2883 4168; x_wconf 85' lang='lat' dir='ltr'><strong>peccata</strong></span> <span class='ocrx_word' id='word_1_801' title='bbox 2936 4111 3110 4151; x_wconf 85' lang='lat' dir='ltr'><strong>nostra</strong></span> <span class='ocrx_word' id='word_1_802' title='bbox 3161 4097 3382 4163; x_wconf 86' lang='lat' dir='ltr'><strong>portavit</strong></span> <span class='ocrx_word' id='word_1_803' title='bbox 3419 4096 3472 4148; x_wconf 92' lang='lat' dir='ltr'><strong>in</strong></span> 
     </span>
    </p>
   </div>
   <div class='ocr_carea' id='block_1_104' title="bbox 1930 4186 3478 4259">
    <p class='ocr_par' dir='ltr' id='par_1_104' title="bbox 1930 4186 3478 4259">
     <span class='ocr_line' id='line_1_104' title="bbox 1930 4186 3478 4259; baseline -0.006 -13"><span class='ocrx_word' id='word_1_804' title='bbox 1930 4206 2156 4259; x_wconf 77' lang='lat' dir='ltr'><strong>corpore</strong></span> <span class='ocrx_word' id='word_1_805' title='bbox 2183 4205 2280 4243; x_wconf 88' lang='lat' dir='ltr'><strong>suo</strong></span> <span class='ocrx_word' id='word_1_806' title='bbox 2318 4205 2477 4256; x_wconf 81' lang='lat' dir='ltr'><strong>super</strong></span> <span class='ocrx_word' id='word_1_807' title='bbox 2506 4190 2725 4255; x_wconf 86' lang='lat' dir='ltr'><strong>lignum.</strong></span> <span class='ocrx_word' id='word_1_808' title='bbox 2761 4190 2823 4240; x_wconf 79' lang='lat' dir='ltr'><strong>Et</strong></span> <span class='ocrx_word' id='word_1_809' title='bbox 2852 4189 3086 4255; x_wconf 81' lang='lat' dir='ltr'><strong>ejusdem</strong></span> <span class='ocrx_word' id='word_1_810' title='bbox 3118 4203 3226 4240; x_wconf 82' lang='lat' dir='ltr'><strong>sua:</strong></span> <span class='ocrx_word' id='word_1_811' title='bbox 3254 4186 3478 4240; x_wconf 73' lang='lat' dir='ltr'><strong>victimae</strong></span> 
     </span>
    </p>
   </div>
   <div class='ocr_carea' id='block_1_105' title="bbox 1930 4276 3482 4349">
    <p class='ocr_par' dir='ltr' id='par_1_105' title="bbox 1930 4276 3482 4349">
     <span class='ocr_line' id='line_1_105' title="bbox 1930 4276 3482 4349; baseline -0.007 -14"><span class='ocrx_word' id='word_1_812' title='bbox 1930 4281 2214 4349; x_wconf 87' lang='lat' dir='ltr'><strong>singularis</strong></span> <span class='ocrx_word' id='word_1_813' title='bbox 2257 4279 2495 4331; x_wconf 85' lang='lat' dir='ltr'><strong>ubertate</strong></span> <span class='ocrx_word' id='word_1_814' title='bbox 2546 4293 2762 4347; x_wconf 80' lang='lat' dir='ltr'><strong>regnum</strong></span> <span class='ocrx_word' id='word_1_815' title='bbox 2807 4276 2992 4330; x_wconf 82' lang='lat' dir='ltr'><strong>mortis</strong></span> <span class='ocrx_word' id='word_1_816' title='bbox 3031 4277 3331 4339; x_wconf 76' lang='lat' dir='ltr'><strong>destruens,</strong></span> <span class='ocrx_word' id='word_1_817' title='bbox 3366 4276 3482 4328; x_wconf 78' lang='lat' dir='ltr'><strong>vita:</strong></span> 
     </span>
    </p>
   </div>
   <div class='ocr_carea' id='block_1_106' title="bbox 1934 4362 3478 4437">
    <p class='ocr_par' dir='ltr' id='par_1_106' title="bbox 1934 4362 3478 4437">
     <span class='ocr_line' id='line_1_106' title="bbox 1934 4362 3478 4437; baseline -0.007 -11"><span class='ocrx_word' id='word_1_818' title='bbox 1934 4370 2082 4426; x_wconf 88' lang='lat' dir='ltr'><strong>nobis</strong></span> <span class='ocrx_word' id='word_1_819' title='bbox 2108 4371 2157 4423; x_wconf 92' lang='lat' dir='ltr'><strong>iu</strong></span> <span class='ocrx_word' id='word_1_820' title='bbox 2187 4377 2492 4437; x_wconf 87' lang='lat' dir='ltr'><strong>perpetuum</strong></span> <span class='ocrx_word' id='word_1_821' title='bbox 2516 4368 2764 4421; x_wconf 72' lang='lat' dir='ltr'><strong>reseravit</strong></span> <span class='ocrx_word' id='word_1_822' title='bbox 2793 4366 3105 4432; x_wconf 77' lang='lat' dir='ltr'><strong>ingressum.</strong></span> <span class='ocrx_word' id='word_1_823' title='bbox 3130 4365 3316 4420; x_wconf 78' lang='lat' dir='ltr'><strong>\‘erum</strong></span> <span class='ocrx_word' id='word_1_824' title='bbox 3335 4362 3478 4432; x_wconf 84' lang='lat' dir='ltr'><strong>juxta</strong></span> 
     </span>
    </p>
   </div>
   <div class='ocr_carea' id='block_1_107' title="bbox 1939 4454 3478 4524">
    <p class='ocr_par' dir='ltr' id='par_1_107' title="bbox 1939 4454 3478 4524">
     <span class='ocr_line' id='line_1_107' title="bbox 1939 4454 3478 4524; baseline -0.008 -7"><span class='ocrx_word' id='word_1_825' title='bbox 1939 4462 2213 4517; x_wconf 87' lang='lat' dir='ltr'><strong>historiam</strong></span> <span class='ocrx_word' id='word_1_826' title='bbox 2246 4457 2553 4511; x_wconf 85' lang='lat' dir='ltr'><strong>intuendum</strong></span> <span class='ocrx_word' id='word_1_827' title='bbox 2578 4457 2714 4524; x_wconf 83' lang='lat' dir='ltr'><strong>quod</strong></span> <span class='ocrx_word' id='word_1_828' title='bbox 2741 4457 3032 4522; x_wconf 79' lang='lat' dir='ltr'><strong>Ephrateus</strong></span> <span class='ocrx_word' id='word_1_829' title='bbox 3051 4454 3240 4508; x_wconf 90' lang='lat' dir='ltr'><strong>dicitur</strong></span> <span class='ocrx_word' id='word_1_830' title='bbox 3269 4454 3478 4514; x_wconf 69' lang='lat' dir='ltr'><strong>lilcana,</strong></span> 
     </span>
    </p>
   </div>
   <div class='ocr_carea' id='block_1_108' title="bbox 1941 4541 3484 4620">
    <p class='ocr_par' dir='ltr' id='par_1_108' title="bbox 1941 4541 3484 4620">
     <span class='ocr_line' id='line_1_108' title="bbox 1941 4541 3484 4620; baseline -0.008 -14"><span class='ocrx_word' id='word_1_831' title='bbox 1941 4570 2045 4608; x_wconf 91' lang='lat' dir='ltr'><strong>non</strong></span> <span class='ocrx_word' id='word_1_832' title='bbox 2078 4552 2197 4620; x_wconf 88' lang='lat' dir='ltr'><strong>quia</strong></span> <span class='ocrx_word' id='word_1_833' title='bbox 2232 4549 2298 4602; x_wconf 89' lang='lat' dir='ltr'><strong>de</strong></span> <span class='ocrx_word' id='word_1_834' title='bbox 2327 4547 2570 4614; x_wconf 86' lang='lat' dir='ltr'><strong>Ephraim</strong></span> <span class='ocrx_word' id='word_1_835' title='bbox 2598 4546 2781 4610; x_wconf 89' lang='lat' dir='ltr'><strong>stirpe,</strong></span> <span class='ocrx_word' id='word_1_836' title='bbox 2812 4543 2903 4596; x_wconf 76' lang='lat' dir='ltr'><strong>sed</strong></span> <span class='ocrx_word' id='word_1_837' title='bbox 2934 4543 3051 4608; x_wconf 87' lang='lat' dir='ltr'><strong>quia</strong></span> <span class='ocrx_word' id='word_1_838' title='bbox 3089 4542 3138 4593; x_wconf 91' lang='lat' dir='ltr'><strong>in</strong></span> <span class='ocrx_word' id='word_1_839' title='bbox 3161 4542 3317 4595; x_wconf 88' lang='lat' dir='ltr'><strong>sortis</strong></span> <span class='ocrx_word' id='word_1_840' title='bbox 3347 4541 3484 4594; x_wconf 89' lang='lat' dir='ltr'><strong>illius</strong></span> 
     </span>
    </p>
   </div>
   <div class='ocr_carea' id='block_1_109' title="bbox 1937 4626 3482 4698">
    <p class='ocr_par' dir='ltr' id='par_1_109' title="bbox 1937 4626 3482 4698">
     <span class='ocr_line' id='line_1_109' title="bbox 1937 4626 3482 4698; baseline -0.009 -4"><span class='ocrx_word' id='word_1_841' title='bbox 1937 4643 2149 4694; x_wconf 86' lang='lat' dir='ltr'><strong>civitate</strong></span> <span class='ocrx_word' id='word_1_842' title='bbox 2180 4646 2330 4690; x_wconf 87' lang='lat' dir='ltr'><strong>natus</strong></span> <span class='ocrx_word' id='word_1_843' title='bbox 2359 4645 2457 4688; x_wconf 89' lang='lat' dir='ltr'><strong>est.</strong></span> <span class='ocrx_word' id='word_1_844' title='bbox 2490 4633 2723 4698; x_wconf 81' lang='lat' dir='ltr'><strong>Namque</strong></span> <span class='ocrx_word' id='word_1_845' title='bbox 2754 4647 2873 4684; x_wconf 88' lang='lat' dir='ltr'><strong>eum</strong></span> <span class='ocrx_word' id='word_1_846' title='bbox 2903 4631 3065 4682; x_wconf 79' lang='lat' dir='ltr'><strong>fuisse</strong></span> <span class='ocrx_word' id='word_1_847' title='bbox 3096 4628 3348 4689; x_wconf 86' lang='lat' dir='ltr'><strong>Levitam,</strong></span> <span class='ocrx_word' id='word_1_848' title='bbox 3381 4626 3482 4681; x_wconf 90' lang='lat' dir='ltr'><strong>hoc</strong></span> 
     </span>
    </p>
   </div>
   <div class='ocr_carea' id='block_1_110' title="bbox 1936 4717 3483 4788">
    <p class='ocr_par' dir='ltr' id='par_1_110' title="bbox 1936 4717 3483 4788">
     <span class='ocr_line' id='line_1_110' title="bbox 1936 4717 3483 4788; baseline -0.01 -4"><span class='ocrx_word' id='word_1_849' title='bbox 1936 4739 2017 4784; x_wconf 83' lang='lat' dir='ltr'><strong>cst</strong></span> <span class='ocrx_word' id='word_1_850' title='bbox 2046 4729 2110 4782; x_wconf 83' lang='lat' dir='ltr'><strong>de</strong></span> <span class='ocrx_word' id='word_1_851' title='bbox 2133 4726 2250 4780; x_wconf 85' lang='lat' dir='ltr'><strong>liliis</strong></span> <span class='ocrx_word' id='word_1_852' title='bbox 2274 4724 2436 4788; x_wconf 87' lang='lat' dir='ltr'><strong>Isaac,</strong></span> <span class='ocrx_word' id='word_1_853' title='bbox 2471 4721 2559 4775; x_wconf 87' lang='lat' dir='ltr'><strong>lilii</strong></span> <span class='ocrx_word' id='word_1_854' title='bbox 2596 4719 2780 4786; x_wconf 83' lang='lat' dir='ltr'><strong>Caatli,</strong></span> <span class='ocrx_word' id='word_1_855' title='bbox 2807 4718 2894 4771; x_wconf 87' lang='lat' dir='ltr'><strong>lilii</strong></span> <span class='ocrx_word' id='word_1_856' title='bbox 2922 4717 3066 4782; x_wconf 82' lang='lat' dir='ltr'><strong>Levi,</strong></span> <span class='ocrx_word' id='word_1_857' title='bbox 3099 4717 3255 4771; x_wconf 83' lang='lat' dir='ltr'><strong>vctba</strong></span> <span class='ocrx_word' id='word_1_858' title='bbox 3281 4717 3483 4771; x_wconf 82' lang='lat' dir='ltr'><strong>dierum</strong></span> 
     </span>
    </p>
   </div>
   <div class='ocr_carea' id='block_1_111' title="bbox 1941 4809 2600 4885">
    <p class='ocr_par' dir='ltr' id='par_1_111' title="bbox 1941 4809 2600 4885">
     <span class='ocr_line' id='line_1_111' title="bbox 1941 4809 2600 4885; baseline -0.02 -11"><span class='ocrx_word' id='word_1_859' title='bbox 1941 4825 2157 4874; x_wconf 89' lang='lat' dir='ltr'><strong>narrant</strong></span> <span class='ocrx_word' id='word_1_860' title='bbox 2181 4814 2264 4885; x_wconf 84' lang='grc' dir='ltr'><strong>(ΙΙ</strong></span> <span class='ocrx_word' id='word_1_861' title='bbox 2304 4813 2478 4866; x_wconf 81' lang='lat' dir='ltr'><strong>l’aral.</strong></span> <span class='ocrx_word' id='word_1_862' title='bbox 2507 4809 2600 4877; x_wconf 74' lang='lat' dir='ltr'><strong>vr).</strong></span> 
     </span>
    </p>
   </div>
   <div class='ocr_carea' id='block_1_112' title="bbox 2014 4897 3485 4967">
    <p class='ocr_par' dir='ltr' id='par_1_112' title="bbox 2014 4897 3485 4967">
     <span class='ocr_line' id='line_1_112' title="bbox 2014 4897 3485 4967; baseline -0.008 -7"><span class='ocrx_word' id='word_1_863' title='bbox 2014 4907 2077 4960; x_wconf 82' lang='lat' dir='ltr'><strong>Et</strong></span> <span class='ocrx_word' id='word_1_864' title='bbox 2108 4906 2277 4959; x_wconf 75' lang='lat' dir='ltr'><strong>[lubuit</strong></span> <span class='ocrx_word' id='word_1_865' title='bbox 2309 4905 2435 4955; x_wconf 85' lang='lat' dir='ltr'><strong>duas</strong></span> <span class='ocrx_word' id='word_1_866' title='bbox 2477 4915 2678 4956; x_wconf 73' lang='lat' dir='ltr'><strong>uxores.</strong></span> <span class='ocrx_word' id='word_1_867' title='bbox 2710 4909 2814 4952; x_wconf 90' lang='lat' dir='ltr'><strong>etc.</strong></span> <span class='ocrx_word' id='word_1_868' title='bbox 2850 4901 3020 4961; x_wconf 82' lang='lat' dir='ltr'><strong>Anna,</strong></span> <span class='ocrx_word' id='word_1_869' title='bbox 3047 4913 3161 4966; x_wconf 66' lang='lat' dir='ltr'><strong>qua:</strong></span> <span class='ocrx_word' id='word_1_870' title='bbox 3187 4899 3349 4967; x_wconf 87' lang='lat' dir='ltr'><strong>gratia</strong></span> <span class='ocrx_word' id='word_1_871' title='bbox 3372 4897 3485 4964; x_wconf 76' lang='lat' dir='ltr'><strong>ejus</strong></span> 
     </span>
    </p>
   </div>
   <div class='ocr_carea' id='block_1_113' title="bbox 1935 4987 3485 5061">
    <p class='ocr_par' dir='ltr' id='par_1_113' title="bbox 1935 4987 3485 5061">
     <span class='ocr_line' id='line_1_113' title="bbox 1935 4987 3485 5061; baseline -0.008 -11"><span class='ocrx_word' id='word_1_872' title='bbox 1935 4997 2160 5061; x_wconf 90' lang='lat' dir='ltr'><strong>dicitur,</strong></span> <span class='ocrx_word' id='word_1_873' title='bbox 2219 4991 2504 5046; x_wconf 78' lang='lat' dir='ltr'><strong>Ecclesium</strong></span> <span class='ocrx_word' id='word_1_874' title='bbox 2554 5007 2565 5040; x_wconf 89' lang='lat'>:</span> <span class='ocrx_word' id='word_1_875' title='bbox 2620 4988 2898 5042; x_wconf 86' lang='lat' dir='ltr'><strong>Phenenna</strong></span> <span class='ocrx_word' id='word_1_876' title='bbox 2929 5027 2942 5050; x_wconf 94' lang='lat'><strong>,</strong></span> <span class='ocrx_word' id='word_1_877' title='bbox 2998 5004 3115 5055; x_wconf 73' lang='lat' dir='ltr'><strong>qua:</strong></span> <span class='ocrx_word' id='word_1_878' title='bbox 3170 4987 3443 5042; x_wconf 87' lang='lat' dir='ltr'><strong>conversio</strong></span> <span class='ocrx_word' id='word_1_879' title='bbox 3467 5031 3485 5057; x_wconf 45' lang='grc' dir='ltr'><strong>ι</strong></span> 
     </span>
    </p>
   </div>
   <div class='ocr_carea' id='block_1_114' title="bbox 1935 5079 3487 5156">
    <p class='ocr_par' dir='ltr' id='par_1_114' title="bbox 1935 5079 3487 5156">
     <span class='ocr_line' id='line_1_114' title="bbox 1935 5079 3487 5156; baseline -0.004 -18"><span class='ocrx_word' id='word_1_880' title='bbox 1935 5099 2249 5156; x_wconf 81' lang='lat' dir='ltr'><strong>synagogam</strong></span> <span class='ocrx_word' id='word_1_881' title='bbox 2305 5081 2650 5149; x_wconf 79' lang='lat' dir='ltr'><strong>demonstrat.</strong></span> <span class='ocrx_word' id='word_1_882' title='bbox 2704 5079 2769 5131; x_wconf 79' lang='lat' dir='ltr'><strong>Et</strong></span> <span class='ocrx_word' id='word_1_883' title='bbox 2813 5079 2946 5132; x_wconf 89' lang='lat' dir='ltr'><strong>bene</strong></span> <span class='ocrx_word' id='word_1_884' title='bbox 2993 5079 3136 5146; x_wconf 90' lang='lat' dir='ltr'><strong>prior</strong></span> <span class='ocrx_word' id='word_1_885' title='bbox 3184 5082 3350 5143; x_wconf 88' lang='lat' dir='ltr'><strong>Anna,</strong></span> <span class='ocrx_word' id='word_1_886' title='bbox 3401 5091 3487 5132; x_wconf 55' lang='lat' dir='ltr'><strong>se.</strong></span> 
     </span>
    </p>
   </div>
   <div class='ocr_carea' id='block_1_115' title="bbox 1938 5169 3489 5239">
    <p class='ocr_par' dir='ltr' id='par_1_115' title="bbox 1938 5169 3489 5239">
     <span class='ocr_line' id='line_1_115' title="bbox 1938 5169 3489 5239; baseline -0.007 -9"><span class='ocrx_word' id='word_1_887' title='bbox 1938 5177 2106 5230; x_wconf 86' lang='lat' dir='ltr'><strong>cunda</strong></span> <span class='ocrx_word' id='word_1_888' title='bbox 2152 5175 2464 5236; x_wconf 83' lang='lat' dir='ltr'><strong>l&#39;lienenna;</strong></span> <span class='ocrx_word' id='word_1_889' title='bbox 2512 5173 2632 5239; x_wconf 84' lang='lat' dir='ltr'><strong>quia</strong></span> <span class='ocrx_word' id='word_1_890' title='bbox 2679 5172 2844 5238; x_wconf 85' lang='lat' dir='ltr'><strong>prima</strong></span> <span class='ocrx_word' id='word_1_891' title='bbox 2886 5169 3063 5222; x_wconf 90' lang='lat' dir='ltr'><strong>mundi</strong></span> <span class='ocrx_word' id='word_1_892' title='bbox 3106 5177 3336 5235; x_wconf 85' lang='lat' dir='ltr'><strong>tempora</strong></span> <span class='ocrx_word' id='word_1_893' title='bbox 3366 5182 3489 5221; x_wconf 80' lang='lat' dir='ltr'><strong>sau-</strong></span> 
     </span>
    </p>
   </div>
   <div class='ocr_carea' id='block_1_116' title="bbox 1940 5256 3486 5330">
    <p class='ocr_par' dir='ltr' id='par_1_116' title="bbox 1940 5256 3486 5330">
     <span class='ocr_line' id='line_1_116' title="bbox 1940 5256 3486 5330; baseline -0.006 -11"><span class='ocrx_word' id='word_1_894' title='bbox 1940 5277 2054 5320; x_wconf 90' lang='lat' dir='ltr'><strong>ctos</strong></span> <span class='ocrx_word' id='word_1_895' title='bbox 2110 5265 2373 5329; x_wconf 85' lang='lat' dir='ltr'><strong>habuere,</strong></span> <span class='ocrx_word' id='word_1_896' title='bbox 2440 5265 2527 5330; x_wconf 88' lang='lat' dir='ltr'><strong>qui</strong></span> <span class='ocrx_word' id='word_1_897' title='bbox 2590 5262 2810 5317; x_wconf 89' lang='lat' dir='ltr'><strong>similem</strong></span> <span class='ocrx_word' id='word_1_898' title='bbox 2870 5258 3016 5310; x_wconf 85' lang='lat' dir='ltr'><strong>nobis</strong></span> <span class='ocrx_word' id='word_1_899' title='bbox 3077 5256 3234 5309; x_wconf 87' lang='lat' dir='ltr'><strong>vitam</strong></span> <span class='ocrx_word' id='word_1_900' title='bbox 3292 5257 3486 5324; x_wconf 89' lang='lat' dir='ltr'><strong>degen-</strong></span> 
     </span>
    </p>
   </div>
   <div class='ocr_carea' id='block_1_117' title="bbox 1947 5346 3488 5420">
    <p class='ocr_par' dir='ltr' id='par_1_117' title="bbox 1947 5346 3488 5420">
     <span class='ocr_line' id='line_1_117' title="bbox 1947 5346 3488 5420; baseline -0.008 -13"><span class='ocrx_word' id='word_1_901' title='bbox 1947 5369 2026 5408; x_wconf 82' lang='lat' dir='ltr'><strong>tes</strong></span> <span class='ocrx_word' id='word_1_902' title='bbox 2100 5354 2296 5420; x_wconf 78' lang='lat' dir='ltr'><strong>absque</strong></span> <span class='ocrx_word' id='word_1_903' title='bbox 2359 5352 2688 5406; x_wconf 66' lang='lat' dir='ltr'><strong>caeremoniis</strong></span> <span class='ocrx_word' id='word_1_904' title='bbox 2757 5346 2996 5413; x_wconf 81' lang='lat' dir='ltr'><strong>legalium</strong></span> <span class='ocrx_word' id='word_1_905' title='bbox 3070 5346 3488 5407; x_wconf 87' lang='lat' dir='ltr'><strong>sacrificiorum,</strong></span> 
     </span>
    </p>
   </div>
   <div class='ocr_carea' id='block_1_118' title="bbox 1946 5437 3492 5508">
    <p class='ocr_par' dir='ltr' id='par_1_118' title="bbox 1946 5437 3492 5508">
     <span class='ocr_line' id='line_1_118' title="bbox 1946 5437 3492 5508; baseline -0.005 -10"><span class='ocrx_word' id='word_1_906' title='bbox 1946 5445 2308 5508; x_wconf 87' lang='lat' dir='ltr'><strong>sabbatorum,</strong></span> <span class='ocrx_word' id='word_1_907' title='bbox 2345 5444 2657 5503; x_wconf 71' lang='lat' dir='ltr'><strong>llCOillClllil‘,</strong></span> <span class='ocrx_word' id='word_1_908' title='bbox 2696 5439 3138 5504; x_wconf 84' lang='lat' dir='ltr'><strong>circumcisionis,</strong></span> <span class='ocrx_word' id='word_1_909' title='bbox 3171 5448 3223 5489; x_wconf 89' lang='lat' dir='ltr'><strong>et</strong></span> <span class='ocrx_word' id='word_1_910' title='bbox 3263 5437 3492 5490; x_wconf 81' lang='lat' dir='ltr'><strong>diversa-</strong></span> 
     </span>
    </p>
   </div>
   <div class='ocr_carea' id='block_1_119' title="bbox 1949 5527 3493 5600">
    <p class='ocr_par' dir='ltr' id='par_1_119' title="bbox 1949 5527 3493 5600">
     <span class='ocr_line' id='line_1_119' title="bbox 1949 5527 3493 5600; baseline -0.006 -11"><span class='ocrx_word' id='word_1_911' title='bbox 1949 5550 2061 5589; x_wconf 92' lang='lat' dir='ltr'><strong>rum</strong></span> <span class='ocrx_word' id='word_1_912' title='bbox 2089 5533 2530 5600; x_wconf 86' lang='lat' dir='ltr'><strong>purificationum,</strong></span> <span class='ocrx_word' id='word_1_913' title='bbox 2564 5546 2626 5584; x_wconf 82' lang='lat' dir='ltr'><strong>ex</strong></span> <span class='ocrx_word' id='word_1_914' title='bbox 2657 5531 2765 5582; x_wconf 83' lang='lat' dir='ltr'><strong>sola</strong></span> <span class='ocrx_word' id='word_1_915' title='bbox 2809 5527 2928 5582; x_wconf 87' lang='lat' dir='ltr'><strong>fidei</strong></span> <span class='ocrx_word' id='word_1_916' title='bbox 2954 5528 3151 5597; x_wconf 81' lang='lat' dir='ltr'><strong>justitia</strong></span> <span class='ocrx_word' id='word_1_917' title='bbox 3189 5527 3293 5580; x_wconf 89' lang='lat' dir='ltr'><strong>Deo</strong></span> <span class='ocrx_word' id='word_1_918' title='bbox 3325 5529 3493 5596; x_wconf 63' lang='lat' dir='ltr'><strong>placeo</strong></span> 
     </span>
    </p>
   </div>
   <div class='ocr_carea' id='block_1_120' title="bbox 1947 5613 3496 5691">
    <p class='ocr_par' dir='ltr' id='par_1_120' title="bbox 1947 5613 3496 5691">
     <span class='ocr_line' id='line_1_120' title="bbox 1947 5613 3496 5691; baseline -0.007 -12"><span class='ocrx_word' id='word_1_919' title='bbox 1947 5632 2082 5685; x_wconf 87' lang='lat' dir='ltr'><strong>rent,</strong></span> <span class='ocrx_word' id='word_1_920' title='bbox 2115 5613 2232 5676; x_wconf 72' lang='lat' dir='ltr'><strong>sola</strong></span> <span class='ocrx_word' id='word_1_921' title='bbox 2271 5638 2328 5676; x_wconf 90' lang='lat' dir='ltr'><strong>se</strong></span> <span class='ocrx_word' id='word_1_922' title='bbox 2365 5622 2558 5674; x_wconf 81' lang='lat' dir='ltr'><strong>Christi</strong></span> <span class='ocrx_word' id='word_1_923' title='bbox 2589 5633 2779 5690; x_wconf 78' lang='lat' dir='ltr'><strong>gratia,</strong></span> <span class='ocrx_word' id='word_1_924' title='bbox 2811 5637 2872 5674; x_wconf 82' lang='lat' dir='ltr'><strong>ex</strong></span> <span class='ocrx_word' id='word_1_925' title='bbox 2916 5637 3019 5691; x_wconf 91' lang='lat' dir='ltr'><strong>quo</strong></span> <span class='ocrx_word' id='word_1_926' title='bbox 3061 5620 3174 5688; x_wconf 86' lang='lat' dir='ltr'><strong>ejus</strong></span> <span class='ocrx_word' id='word_1_927' title='bbox 3211 5620 3496 5674; x_wconf 81' lang='lat' dir='ltr'><strong>incarnatio</strong></span> 
     </span>
    </p>
   </div>
   <div class='ocr_carea' id='block_1_121' title="bbox 1948 5696 3498 5786">
    <p class='ocr_par' dir='ltr' id='par_1_121' title="bbox 1948 5696 3498 5786">
     <span class='ocr_line' id='line_1_121' title="bbox 1948 5696 3498 5786; baseline -0.003 -18"><span class='ocrx_word' id='word_1_928' title='bbox 1948 5715 2182 5786; x_wconf 80' lang='lat' dir='ltr'><strong>patribus</strong></span> <span class='ocrx_word' id='word_1_929' title='bbox 2221 5724 2432 5768; x_wconf 78' lang='lat' dir='ltr'><strong>ostensa</strong></span> <span class='ocrx_word' id='word_1_930' title='bbox 2473 5722 2572 5779; x_wconf 79' lang='lat' dir='ltr'><strong>cst,</strong></span> <span class='ocrx_word' id='word_1_931' title='bbox 2608 5696 2880 5782; x_wconf 70' lang='lat' dir='ltr'><strong>sperarent</strong></span> <span class='ocrx_word' id='word_1_932' title='bbox 2924 5729 3040 5770; x_wconf 83' lang='lat' dir='ltr'><strong>esse</strong></span> <span class='ocrx_word' id='word_1_933' title='bbox 3080 5711 3372 5768; x_wconf 75' lang='lat' dir='ltr'><strong>salvandos.</strong></span> <span class='ocrx_word' id='word_1_934' title='bbox 3423 5709 3498 5763; x_wconf 80' lang='lat' dir='ltr'><strong>Ac</strong></span> 
     </span>
    </p>
   </div>
  </div>
