3898 6260
467 395 571 448 503
945 393 1147 460 [lile
1193 391 1636 447 \‘ENEHABILIS
1677 389 1962 447 οΡειιωι
2006 383 2173 449 PARS
2236 395 2302 450 ll.
2335 423 2406 436 —
2433 395 2818 452 EXEGETlCA
2858 395 3181 452 GENUINA.
3369 421 3373 424 ·
3596 395 3698 449 σοι

465 508 544 561 sic
571 506 783 562 demum
834 507 1122 575 Synagogm
1170 517 1250 560 est
1288 504 1354 560 de
1382 503 1611 574 Egypto
1634 503 1698 557 ad
1734 503 2013 558 Dominum
2042 509 2091 565 Δ
2129 525 2243 562 sunt
2264 512 2432 563 sidere
2454 509 2635 577 (Joan.
2659 512 2744 578 tt);
2771 520 2825 564 et
2852 508 3295 570 czeteristalibus,
3326 505 3451 560 ﬁdei
3487 517 3693 560 tavrum

462 598 727 652 celebrata
765 599 1066 653 conversio.
2127 600 2298 654 solius
2331 617 2552 653 munera
2582 602 2827 654 contulit.
2869 600 3263 654 Charismatum
3293 612 3425 652 vero
3458 601 3690 666 gratia-

537 687 856 756 ιιάιτιηιηκε
885 686 1173 740 Pltenenna:
1202 686 1317 751 ﬁlii,
1347 694 1448 739 etc.
1482 683 1755 754 Synagnga
1787 697 2016 748 semper,

2130 690 2340 744 interim
2367 692 2493 745 dare
2523 690 2747 744 distulit.
2779 689 2841 743 Et
2864 691 2978 744 haec
3006 689 3175 743 tristis
3202 687 3420 758 agebat,
3450 689 3577 755 quia
3604 703 3690 740 ec-

463 791 526 828 ex
555 791 660 843 quo
693 775 913 828 Domino
955 775 1271 841 dispensata
1317 783 1416 836 est,
1442 775 1741 841 spzrttuales
1790 771 1839 826 ei
1883 772 2018 826 tilias
2125 777 2341 831 clesiam
2380 779 2591 846 qualem
2632 777 2871 832 futuram
2908 787 3154 837 noverat.
3183 777 3322 831 etin
3347 775 3690 830 centurionis

468 883 572 921 non
594 867 788 921 desiuit
813 881 1067 935 generare
1096 863 1664 918 docendu.Genti!itas
1692 863 2018 925 autem,etsi
2125 868 2203 923 vel
2251 870 2483 937 praefat:
2531 868 2774 922 mulieris
2832 867 2936 922 de
2991 867 3332 932 laudaverat,
3391 867 3684 936 diligebat;

466 960 578 1022 ipsa
609 957 660 1009 itt
693 955 973 1021 aliquibus,
1008 953 1213 1008 tametsi
1242 955 1441 1023 paucis,
1493 957 1607 1020 ejus
1649 955 1839 1023 gratia:
1884 968 2018 1006 nun-

462 1041 617 1115 quam
662 1046 812 1100 subdi
844 1047 1089 1111 cessavit,
1124 1059 1228 1098 non
1259 1045 1305 1097 ci
1335 1054 1511 1097 tamen
1543 1044 1762 1106 liberos,
1796 1043 1883 1104 aui
1910 1043 2021 1111 spi-

464 1139 727 1192 rituaiiter
752 1141 1008 1199 viverent,
1045 1135 1378 1201 praedicando
1417 1133 1630 1200 gignere
1662 1135 1862 1201 potuit;
1893 1133 2017 1202 quia

465 1239 562 1278 nec
591 1233 964 1280 testamentum
994 1222 1110 1291 ejus
1152 1223 1342 1290 palam,
1375 1235 1545 1290 neque
1577 1223 1900 1290 ltl’OpliellaS,
1927 1239 2021 1277 nc-

467 1331 570 1381 que
595 1314 902 1383 angelorum
933 1313 1126 1367 meruit
1151 1314 1361 1367 oracula
1393 1313 1680 1382 percipere.

534 1425 600 1478 Et
627 1424 926 1480 ascendebat
957 1425 1031 1476 vir
1058 1423 1144 1478 ille
1169 1423 1230 1476 de
1255 1425 1450 1476 civitate
1475 1440 1566 1475 sua
1589 1425 1794 1476 statutis
1820 1423 2017 1486 diebus,

463 1528 567 1572 etc.
599 1516 930 1571 Ascendebat
955 1515 1208 1568 Dominus
1231 1514 1296 1567 de
1324 1513 1586 1586 communi
1618 1515 1724 1566 vita
1753 1513 2016 1580 ﬁdelium;

467 1611 579 1661 haec
601 1615 682 1661 est
708 1607 849 1660 enim
880 1606 1064 1659 civitas
1095 1603 1184 1657 Dei
1219 1605 1382 1657 nostri
1411 1605 1462 1656 in
1494 1612 1672 1658 monte
1697 1612 1881 1657 sancto
1903 1601 2021 1670 ejus

460 1695 634 1766 (Ρδιι.
670 1694 843 1764 sxvu)
879 1712 890 1746 :
922 1695 971 1746 in
1001 1693 1198 1748 sanctis
1241 1692 1352 1748 suis
1396 1693 1813 1762 proticieutibus,
1849 1704 1902 1750 et
1932 1707 2021 1749 as-

461 1786 805 1842 cendentibus
835 1786 902 1841 de
940 1786 1133 1841 virtute
1170 1786 1221 1839 in
1263 1784 1528 1852 virtutem,
1567 1795 1622 1838 ut
1673 1787 1884 1840 statutis
1911 1785 2019 1840 die-

467 1878 562 1933 bus
584 1918 602 1946 ,
639 1879 739 1934 hoc
759 1887 859 1944 est,
902 1893 995 1948 per
1019 1876 1223 1946 singula
1254 1876 1448 1930 divinze
1475 1876 1792 1946 cognitionis
1843 1877 2016 1931 incre-

464 1977 660 2033 menta,
690 1977 782 2022 cer
811 1967 1019 2022 illorum
1048 1965 1363 2020 accenderet
1390 1965 1454 2019 ad
1486 1965 1809 2022 adorationis
1835 1967 2015 2022 bona:-

461 2074 565 2125 que
589 2059 909 2128 operationis
938 2056 1204 2112 oﬁerenda
1236 2057 1514 2122 libamina;
1545 2067 1598 2111 et
1625 2057 1737 2112 hac
1764 2059 1815 2111 in
1841 2067 2018 2114 custo-

460 2147 546 2200 dia
575 2147 765 2200 divina:
804 2146 954 2214 legis,
1007 2147 1059 2200 in
1107 2161 1206 2216 qua
1257 2145 1426 2200 solum
1477 2156 1691 2214 peccata
1731 2147 2018 2202 humilibus

461 2239 638 2294 omnia
689 2237 911 2304 dimitti,
957 2249 1010 2293 et
1048 2239 1200 2296 evelli
1250 2248 1470 2308 possunt
1513 2240 1581 2294 de
1630 2239 1822 2307 laqueo
1856 2243 2018 2308 pedes

455 2345 664 2396 eorum,
695 2329 780 2400 qui
809 2331 990 2385 oculos
1019 2345 1229 2398 semper
1259 2330 1454 2384 habent
1481 2329 1548 2383 ad
1579 2329 1895 2397 Dominum;
1930 2330 2017 2387 ubi

461 2433 663 2477 tantum
692 2422 857 2493 quaeri
884 2422 1059 2486 debet,
1087 2430 1141 2476 et
1170 2422 1390 2477 inveniri
1426 2432 1596 2491 pateat
1627 2422 1714 2477 ille
1737 2422 1827 2493 qui
1850 2422 2015 2478 dicit:

465 2514 574 2585 Ego
616 2529 733 2568 sum
784 2513 872 2582 qui
918 2527 1057 2567 sum.
1099 2510 1250 2571 Unde
1301 2512 1436 2570 bene
1481 2512 1592 2569 Silo
1643 2513 2020 2582 interpretatur

461 2602 691 2668 avulsio,
719 2603 801 2660 vel
829 2602 1090 2670 dimissio,
1119 2604 1234 2660 sive
1273 2603 1360 2658 ubi
1401 2612 1484 2659 est
1523 2605 1666 2671 ipse;
1715 2603 2021 2674 signiﬁcans

465 2693 632 2760 ipsam
663 2693 861 2761 legem,
891 2708 1009 2762 quae
1036 2694 1168 2752 bene
1199 2693 1591 2762 proﬁcientibus
1615 2693 1668 2749 in
1697 2709 1794 2749 sua
1813 2692 2018 2764 iustitia

466 2783 705 2852 praecipit
731 2800 742 2838 :
775 2784 996 2850 Ωυωνῑιε
1021 2784 1204 2854 [aciem
1241 2785 1348 2854 ejus
1367 2801 1564 2853 semper
1587 2783 1759 2856 (Psal.
1783 2785 1912 2856 etv).

536 2895 698 2951 Erant
737 2907 906 2952 autem
943 2898 1012 2953 ibi
1044 2900 1143 2952 duo
1191 2899 1287 2967 [illi
1329 2897 1479 2964 Heli,
1532 2908 1637 2955 etc.
1691 2899 1828 2966 lleli,
1881 2900 2019 2957 Deus

465 3000 614 3043 meus
643 3005 656 3041 :
688 2987 860 3056 Opimi
879 3030 895 3054 ,
924 2988 1262 3046 discalciatus
1295 3009 1305 3043 :
1340 2989 1596 3057 Pltiuees,
1623 3007 1685 3046 os
1710 3000 1914 3045 mutum
1940 2991 2020 3046 di-

462 3078 619 3133 citur.
647 3078 812 3134 Erant
839 3080 1018 3149 igitur,
1048 3081 1355 3135 imminente
1386 3080 1663 3136 dominicas
1692 3079 2019 3135 incarnatio-

465 3171 548 3224 nis
592 3179 850 3239 tempore,
874 3172 1173 3225 sacerdotes
1204 3170 1422 3226 Domino
1460 3172 1751 3226 consecrati
1776 3211 1792 3235 ,
1826 3171 1878 3225 in
1906 3171 2020 3239 lege
2048 3159 2096 3225 Ο

466 3259 590 3314 boni
632 3259 844 3330 quidem
875 3261 1178 3328 sacerdotii,
1205 3268 1260 3313 et
1297 3270 1440 3314 recte
1469 3259 1802 3328 credentium
1847 3272 2025 3312 sacer-

463 3349 645 3404 dule
695 3350 828 3405 ﬁlii:
861 3351 956 3405 sed
1009 3349 1232 3404 actionis
1285 3347 1781 3418 prredicatiouisque
1830 3345 2025 3400 debita

467 3442 631 3510 gratia
684 3441 963 3507 destituti;
1013 3455 1185 3509 neque
1226 3448 1464 3509 apertum
1494 3439 1560 3493 ad
1588 3437 1888 3492 doctrinam
1915 3439 2023 3492 oris

465 3529 722 3598 ofﬁcium,
773 3544 946 3600 neque
990 3529 1054 3583 ad
1101 3529 1474 3585 ambulandum
1507 3527 1558 3582 in
1589 3529 1669 3582 via
1701 3527 2020 3582 immaculati

466 3621 593 3674 recti
621 3633 832 3689 gressus
860 3619 1115 3674 habentes
1143 3629 1405 3674 ornatum.

549 3729 695 3782 Venit
723 3745 841 3799 ergo
869 3729 994 3794 dies,
1015 3739 1059 3782 et
1089 3730 1360 3783 immolarit
1395 3727 1610 3782 Eiraua.
1646 3726 1821 3795 Venit,
1855 3735 2023 3780 trans-

469 3831 584 3874 acta
638 3819 767 3888 legis
819 3820 1037 3885 umbra,
1075 3833 1224 3872 novae
1269 3819 1452 3888 gratiae
1496 3819 1612 3882 lus,
1661 3825 1716 3871 et
1759 3819 2025 3884 possessio

470 3910 582 3974 Dei,
617 3909 856 3964 videlicet
901 3907 1141 3962 Christus
1185 3908 1237 3963 iu
1279 3923 1444 3962 carne
1479 3906 1740 3970 visibilis;
1783 3906 2024 3961 homines

467 4000 704 4055 caelestia
729 3997 929 4063 docuit,
963 3998 1157 4067 pariter
1182 4007 1236 4053 et
1263 3998 1527 4052 concessit
1550 4010 1750 4063 amare,
1783 4010 2022 4063 sperare,

466 4102 522 4147 et
549 4091 786 4146 credere.
816 4091 945 4158 Qua:
972 4089 1110 4144 enim
1138 4103 1262 4143 suos
1292 4087 1469 4143 lacere
1493 4089 1672 4153 donat,
1705 4088 1818 4156 ipse
1849 4087 2026 4142 facere

465 4182 680 4246 dicitur,
709 4191 845 4237 teste
887 4180 1163 4250 Apostolo,
1194 4181 1280 4250 qui
1310 4179 1436 4235 dicit
1464 4196 1476 4232 :
1513 4177 1650 4232 Deus
1680 4180 1810 4232 enim
1840 4187 1912 4231 est
1941 4179 2028 4246 qui

466 4283 703 4336 operatur
725 4275 776 4324 in
799 4272 930 4324 vobis
951 4281 997 4324 et
1017 4272 1141 4324 velle
1162 4282 1210 4324 et
1229 4271 1466 4338 perﬁcere
1492 4287 1583 4338 pro
1605 4270 1732 4322 bona
1753 4271 2024 4323 voluntate.

471 4361 532 4413 Et
562 4364 668 4430 ipse
697 4361 919 4431 Spiritus
940 4362 1160 4430 postulat
1183 4377 1274 4428 pro
1304 4363 1444 4414 nobis
1468 4363 1730 4430 gemitibus
1761 4363 2027 4414 inenarra-

465 4453 645 4504 bilibus
676 4449 929 4522 (Philipp.
961 4465 1029 4515 tt;
1065 4450 1212 4504 Rom.
1242 4451 1387 4520 vttt);
1434 4452 1701 4516 videlicet,
1760 4451 1880 4518 quia
1931 4465 2022 4518 po-

469 4546 666 4600 stulare
691 4559 808 4610 nos,
833 4555 885 4601 et
907 4558 1120 4614 gemere
1141 4558 1232 4597 sua
1263 4545 1424 4612 gratia
1450 4541 1594 4598 facit.
1617 4542 1768 4598 Unde
1795 4551 1848 4596 et
1867 4555 2024 4609 supra

472 4651 576 4688 non
630 4634 894 4689 immerito
925 4633 976 4686 in
1019 4632 1360 4700 ascendente,
1407 4633 1681 4696 adorante,
1727 4640 1780 4684 et
1826 4628 2030 4682 sacriﬁ-

470 4732 622 4777 cante
673 4721 904 4782 Eleana,
958 4721 1312 4774 intelleximus
1360 4735 1480 4774 eum
1529 4720 1616 4786 qui
1669 4731 1924 4774 ascensus
1975 4717 2059 4770 itt.

469 4813 630 4868 corde
658 4814 936 4869 beatorum
985 4812 1241 4879 disposuit
1273 4812 1322 4864 in
1364 4811 1603 4865 convalle
1651 4811 2028 4878 lacryrnarum,

465 4916 666 4973 eosque
693 4901 936 4969 adorare,
968 4911 1022 4958 et
1057 4902 1211 4958 bonis
1239 4901 1393 4956 docet
1414 4897 1666 4968 operibus
1693 4897 1958 4951 insistere.

542 5013 791 5083 Dedit/nte
819 5010 1104 5069 Pheneum:
1127 5015 1272 5067 uxori
1295 5028 1417 5073 sum,
1443 5022 1544 5065 etc.
1579 5008 1736 5064 Dedit
1777 4991 2032 5062 Dominus

473 5102 525 5156 in
543 5118 698 5158 carne
719 5104 920 5172 patiens
939 5103 1184 5167 immaua,
1204 5113 1258 5158 et
1279 5103 1341 5155 ad
1366 5101 1542 5155 divina
1561 5112 1878 5170 provocans,
1897 5096 2032 5165 Syn-

468 5207 649 5262 agoga:
690 5203 743 5248 et
785 5194 992 5248 cunctis
1031 5195 1082 5245 in
1131 5209 1193 5248 ea
1237 5192 1575 5246 credentibus
1620 5187 2032 5254 tintentibusque

474 5298 556 5347 se,
589 5285 788 5352 pusillis
818 5301 936 5340 cum
971 5286 1284 5355 majoribus,
1311 5285 1547 5336 diversas
1573 5283 1820 5335 virtutum
1843 5295 2032 5348 Opera-

473 5376 662 5439 tiones,
693 5373 1080 5440 divisionesque
1109 5375 1416 5446 gratiarum.
1454 5371 1706 5424 Ecclesia:
1751 5386 1879 5424 vero
1904 5385 2033 5438 gen-

475 5466 624 5529 tium.
656 5469 770 5535 qua:
805 5464 854 5518 in
883 5469 1062 5532 paucis
1112 5466 1286 5517 adhuc
1328 5459 1669 5516 credentibus
1719 5470 1854 5527 erat,
1888 5459 2030 5515 verbi

473 5558 655 5626 gratia,
684 5558 1002 5612 Centurione
1023 5567 1075 5610 et
1095 5554 1502 5623 Syropltmnissa
1533 5551 1772 5615 muliere,
1801 5552 1880 5606 his
1901 5567 2034 5622 quo-

471 5662 574 5712 que
598 5648 682 5713 qui
713 5647 1078 5710 ascendentes,
1111 5653 1165 5698 ut
1193 5645 1473 5696 adorarent
1503 5643 1554 5697 in
1606 5642 1804 5710 templo
1850 5644 1899 5695 itt
1945 5643 2032 5696 die

474 5736 629 5807 festo,
659 5737 904 5794 dixerunt
933 5739 997 5793 ad
1025 5735 1328 5804 Philippum
1368 5751 1376 5785 :
1417 5732 1644 5801 Domine,
1676 5733 1902 5823 uolumus
1949 5731 2031 5788 lc-

2122 960 2370 1026 quamvis
2394 960 2566 1012 adhuc
2597 972 2844 1026 superna
2882 957 3111 1012 consilio
3136 957 3396 1012 bonitatis
3435 973 3467 1012 a
3505 958 3682 1025 perci-

2122 1047 2332 1116 piendis
2366 1047 2605 1115 ejusdem
2659 1047 2779 1100 ﬁdei
2837 1049 3194 1102 sacramentis
3236 1047 3485 1102 dilatam.
3533 1045 3683 1102 Unde

2120 1139 2389 1208 passionis
2411 1138 2541 1191 hora
2565 1138 2822 1201 instante,
2844 1136 3030 1190 Tristis
3046 1149 3144 1202 est,
3160 1139 3354 1207 inquit.
3374 1139 3553 1191 uiuus
3572 1155 3681 1192 mea

2121 1247 2278 1298 usque
2297 1231 2368 1284 ad
2392 1240 2602 1283 mortem
2617 1227 2842 1299 (lauit.
2864 1245 3013 1295 xxvi;
3038 1227 3209 1282 lere.
3231 1231 3370 1298 xlv);
3397 1245 3504 1283 non
3528 1231 3681 1295 dixis,

2123 1319 2296 1371 tristis
2324 1329 2539 1386 propter
2565 1327 2814 1380 mortem,
2845 1317 2939 1371 sed
2977 1331 3146 1385 usque
3173 1317 3240 1370 ad
3262 1315 3489 1371 ortem
3514 1334 3529 1381 ;
3558 1320 3679 1384 quia

2119 1407 2366 1462 videlicet
2394 1425 2490 1478 per
2510 1409 2679 1476 ipsam
2704 1419 2927 1462 mortem
2954 1409 3352 1462 destructurum
3373 1423 3432 1463 se
3462 1416 3678 1462 noverat

2121 1511 2244 1552 eum
2273 1498 2360 1564 qui
2391 1497 2619 1552 habebat
2651 1498 2838 1551 mortis
2869 1497 3176 1564 imperium,
3205 1508 3431 1565 postque
3457 1509 3677 1552 mortem

2124 1597 2183 1639 se
2212 1584 2276 1639 ad
2306 1587 2528 1640 Salutem
2555 1587 2792 1656 gentium
2811 1586 3075 1656 gaudebat
3112 1600 3232 1640 esse
3263 1601 3360 1655 per
3373 1598 3676 1640 venturum

2187 1672 2460 1741 Affligebat
2487 1689 2683 1739 quotjue
2710 1690 2818 1726 eam
2859 1677 3042 1728 mla
3067 1676 3210 1746 ejus,
3249 1685 3356 1730 etc.
3405 1675 3679 1746 Atﬂigebat

2120 1762 2394 1834 Synagnga
2432 1764 2804 1832 gentilitatem,
2835 1765 3166 1834 exprobrans
3191 1781 3310 1820 eam
3359 1779 3389 1818 a
3421 1765 3534 1821 Deo
3561 1781 3678 1832 pro-

2051 1831 2096 1890 B
2123 1861 2238 1920 pter
2265 1831 2465 1905 scelera
2494 1851 2725 1921 ingentia
2749 1831 3064 1923 neglectam.
3086 1869 3184 1911 nec
3215 1856 3306 1910 Dei
3336 1841 3677 1927 colloquium.

2121 1957 2218 1995 nec
2247 1943 2460 1995 oracula
2495 1944 2895 2010 prophetarum,
2924 1944 3117 2010 quibus
3141 1956 3353 2013 accepta
3380 1945 3489 2000 Deo
3513 1946 3682 2012 proles

2117 2030 2409 2084 animatum
2450 2033 2772 2100 gigneretur,
2807 2032 3038 2100 potuisse
3076 2035 3313 2098 mereri;
3363 2046 3526 2103 atque
3568 2036 3681 2090 ideo

2120 2120 2329 2173 vulvam
2375 2122 2566 2175 mentis
2615 2121 2730 2188 ejus
2770 2120 3034 2189 spirituali
3065 2119 3318 2177 virtutum
3364 2125 3680 2190 cmicstinm,

2121 2211 2200 2264 vel
2231 2210 2560 2264 credentium
2588 2210 2901 2278 pepulorum
2929 2213 3133 2267 semine
3156 2211 3440 2278 privatam.

2191 2299 2375 2366 Sitque
2411 2299 2624 2371 faciebat
2667 2318 2758 2370 per
2786 2301 3014 2370 singulos
3035 2317 3217 2368 annos,
3263 2311 3368 2357 etc.
3403 2300 3676 2368 Tenplnm

2120 2389 2352 2456 Domini,
2401 2391 2801 2446 tabernaculum
2855 2391 3143 2447 testimonii
3191 2403 3382 2457 vocat,
3429 2394 3572 2462 quod
3617 2393 3679 2446 ad

2121 2480 2234 2532 hac
2263 2494 2429 2547 usque
2459 2489 2698 2546 tempora
2738 2479 2934 2534 mansit
2963 2479 3014 2534 in
3061 2479 3196 2535 Silo.
3228 2480 3482 2551 Singulos
3510 2493 3679 2537 autem

2120 2583 2288 2622 annos
2317 2569 2401 2622 vel
2431 2568 2668 2638 singulas
2701 2569 2925 2624 virtutes
2947 2571 3146 2639 accipe,
3178 2571 3371 2639 quibus
3401 2572 3679 2644 Synagoga

2124 2659 2438 2728 proﬁciebat
2473 2661 2524 2713 in
2555 2659 2716 2713 domo
2765 2657 2996 2723 Domini;
3043 2660 3400 2730 gentilesque,
3448 2663 3590 2729 quod
3620 2665 3681 2717 ab

2123 2750 2220 2802 hac
2245 2748 2399 2817 longe
2426 2758 2608 2802 essent
2635 2763 2886 2818 arguens,
2919 2751 3238 2819 provocabat
3271 2749 3323 2803 in
3353 2751 3561 2806 ﬂetum.
3593 2752 3680 2806 Vel

2119 2851 2266 2892 certe
2288 2835 2399 2907 ipsa
2427 2835 2580 2907 longa
2609 2837 2743 2892 datae
2769 2838 2902 2906 legis
2934 2847 3171 2907 tempora
3201 2838 3457 2909 iutellige.
3483 2840 3681 2912 Legens

2125 2926 2271 2983 enim
2303 2941 2510 2980 sacram
2535 2927 2890 2996 Scripturam,
2923 2927 3159 2982 invenies
3184 2927 3492 2997 egrediente
3528 2930 3679 2983 lsrael

2127 3031 2195 3071 ex
2227 3015 2479 3086 Egypto,
2505 3017 2716 3084 quando
2743 3017 3094 3083 desponsandi
3114 3016 3245 3083 Deo,
3264 3028 3322 3071 ut
3349 3019 3420 3072 ita
3438 3018 3676 3081 dixerint,

2127 3105 2423 3175 Synztgogze
2450 3108 2613 3174 cteth
2635 3114 2844 3173 tempus
2870 3105 3082 3169 adesse,
3099 3106 3287 3174 vulgus
3304 3119 3516 3176 quoque
3541 3110 3677 3160 adre

2131 3213 2314 3250 narum
2345 3212 2463 3253 cuzn
2486 3212 2551 3250 eo
2583 3197 2792 3251 venisse
2823 3211 2926 3250 non
2953 3211 3196 3265 paucum,
3247 3198 3402 3251 simul
3433 3199 3679 3266 legalibus

2131 3287 2350 3342 Domino
2377 3289 2694 3343 sacrandum
2713 3287 3149 3357 jungendumqtte
3194 3289 3498 3358 mysteriis;
3528 3285 3678 3358 atque

2127 3395 2188 3432 ex
2223 3381 2346 3434 hinc
2375 3395 2544 3449 usque
2592 3379 2656 3434 ad
2691 3390 2898 3448 tempus
2943 3378 3225 3432 dominica:
3273 3381 3673 3446 incarnationis,

2127 3483 2395 3536 nunquam
2443 3469 2514 3521 ibi
2562 3468 2794 3521 defuisse
2832 3468 2919 3538 qui
2961 3466 3198 3519 dexteris
3240 3466 3537 3520 crederent.
3563 3467 3674 3522 Sed

2126 3570 2286 3613 tattim
2316 3574 2407 3627 per
2456 3558 2634 3614 omnia
2686 3556 2966 3626 paucitatis
3005 3563 3177 3620 erant,
3235 3566 3288 3610 et
3340 3559 3674 3624 paupertatis,

2125 3648 2534 3717 utpmeinculze,
2567 3647 2831 3717 peregrini
2853 3656 2907 3701 et
2926 3646 3142 3714 abjecti,
3181 3647 3248 3700 ad
3295 3647 3504 3715 plebem
3553 3650 3676 3703 inte-

2122 3751 2293 3812 gram,
2321 3752 2374 3797 et
2413 3743 2584 3812 patrio
2614 3743 2665 3793 in
2687 3740 2804 3795 solo
2831 3749 3150 3804 morantem,
3176 3749 3232 3793 ut
3274 3739 3468 3794 ﬁentes
3512 3742 3575 3796 ad
3601 3756 3680 3809 pc-

2124 3836 2219 3888 des
2252 3835 2485 3899 Domini,
2527 3833 2812 3900 cibumque
2857 3831 3051 3886 latitia:
3083 3831 3398 3900 spiritualis,
3444 3842 3498 3888 et
3538 3834 3681 3900 panis

2127 3921 2252 3985 vivi,
2282 3923 2367 3990 qui
2401 3921 2468 3973 de
2496 3921 2634 3974 cmlo
2680 3921 2977 3984 descendit,
3033 3935 3225 3988 capere
3269 3923 3450 3974 minus
3494 3920 3681 3982 idonei,

2127 4015 2314 4067 saltem
2344 4014 2599 4067 cadentes
2628 4010 2696 4064 de
2727 4025 2907 4064 mensa
2939 3998 3144 4064 Domini
3176 4011 3366 4077 micas,
3410 4010 3577 4064 iustae
3601 4024 3687 4064 ca-

2129 4106 2379 4166 tulorum,
2410 4105 2519 4157 sint
2546 4115 2764 4170 sperare
2795 4110 2848 4154 et
2875 4099 3148 4170 postulare
3176 4101 3435 4154 contenti.

2199 4196 2345 4249 Dixit
2372 4210 2486 4264 ergo
2532 4195 2577 4246 ei
2631 4193 2827 4246 Etcum
2875 4193 2950 4246 vir
2969 4208 3090 4247 suus
3120 4207 3140 4248 :
3182 4194 3361 4260 Anna,
3383 4195 3478 4264 [les
3515 4195 3541 4247 γ
3583 4201 3681 4248 etc.

2132 4290 2323 4343 Decem
2361 4285 2455 4340 ﬁlii
2484 4293 2698 4352 propter
2731 4284 3043 4354 decaiogum
3090 4283 3221 4352 legis
3243 4295 3551 4355 acceptores
3577 4284 3684 4337 sive

2131 4380 2501 4431 observatores
2537 4374 2864 4442 signiﬁcant.
2907 4374 3224 4429 Consolatur
3251 4389 3382 4444 ergo
3433 4374 3686 4429 Dominus

2134 4468 2445 4532 Ecclesiam,
2471 4481 2538 4522 ne
2565 4481 2726 4535 grave
2753 4467 2906 4530 lerat,
2932 4452 3074 4535 qu'od
3124 4479 3229 4518 non
3275 4464 3325 4518 ei
3355 4465 3496 4519 sicut
3522 4463 3686 4533 Syna-

2129 4571 2277 4625 goga:
2307 4556 2591 4625 legislatiu,
2617 4572 2720 4609 non
2748 4557 3029 4622 promissa,
3075 4563 3128 4607 et
3157 4562 3553 4617 testamentum,
3583 4567 3685 4605 non

2130 4647 2327 4700 credita
2356 4646 2461 4699 sint
2490 4647 2699 4713 eloquia
2756 4643 2894 4708 Dei;
2914 4642 3008 4697 sed
3035 4657 3247 4697 summo
3297 4645 3490 4713 gaudio
3515 4658 3687 4699 recre-

2134 4747 2252 4788 ctur
2273 4745 2326 4786 et
2351 4733 2601 4796 exsultet,
2627 4731 2768 4800 quod
2790 4731 3037 4786 Omnibus
3060 4730 3138 4785 itis
3168 4730 3367 4786 donum
3393 4733 3562 4800 majus
3583 4746 3689 4785 me-

2134 4824 2424 4890 lioremque
2451 4819 2698 4889 gratiam,
2754 4821 2926 4890 ipsum
2972 4821 3277 4877 Mediatoris
3305 4821 3402 4878 Dei
3443 4834 3501 4875 es
3527 4818 3690 4874 homi-

2132 4928 2277 4976 num,
2312 4911 2541 4966 hominis
2571 4911 2694 4964 lesu
2724 4909 2946 4978 Christi,
2971 4927 3124 4982 quem
3156 4919 3470 4979 exspectare
3491 4918 3546 4964 et
3568 4922 3691 4976 spc-
3716 4969 3725 4981 η

2132 5017 2250 5056 rare
2279 5019 2380 5056 non
2413 5013 2653 5069 noverat,
2684 5006 2955 5074 suscipere
2977 5003 3086 5071 jam
3115 5001 3370 5055 meruerit
3387 5000 3687 5054 adventu.

2131 5095 2242 5149 Non
2284 5095 2471 5150 solum
2517 5104 2691 5149 autem
2742 5095 2858 5149 haec
2907 5095 3062 5149 lectio
3109 5093 3373 5146 diversum
3424 5091 3687 5156 utriusque

2135 5187 2312 5256 populi
2341 5198 2562 5250 statum,
2595 5203 2777 5241 verum
2807 5188 2966 5240 etiam
3013 5185 3220 5238 diversa
3249 5181 3301 5235 in
3349 5191 3573 5251 utroque
3600 5182 3691 5235 ἱ.ιο

2134 5281 2330 5347 popqu
2377 5293 2726 5347 personarum
2779 5277 3148 5333 dissidentium
3199 5275 3386 5329 merita
3417 5315 3434 5340 ,
3485 5275 3686 5332 diversa

2133 5370 2438 5424 meritorum
2469 5371 2682 5433 prtemia
2715 5369 3002 5438 ﬁguraliter
3032 5365 3302 5432 exprimit.
3347 5367 3574 5436 Semper
3609 5375 3688 5420 et-

2132 5459 2270 5513 enim
2297 5459 2539 5512 Cltristus
2583 5458 2809 5512 humiles
2851 5455 3199 5524 pmnitentum
3259 5456 3524 5526 Iacrytnas
3573 5457 3688 5524 plu-

2134 5566 2289 5620 quam
2316 5551 2534 5620 rigidam
2568 5551 2912 5616 superborum
2937 5545 3194 5614 justitiam
3224 5531 3443 5613 dilexit,
3467 5546 3682 5601 dilectu-

2135 5657 2222 5695 rus
2248 5653 2327 5696 est
2355 5660 2368 5708 ;
2417 5644 2760 5712 neglectaque
2794 5637 2925 5691 fastu
2951 5636 3195 5692 Pharisai
3217 5680 3231 5704 ,
3258 5652 3364 5707 quo
3385 5637 3526 5693 sede
3545 5648 3689 5688 corn-

2136 5733 2293 5800 pletis
2325 5733 2577 5803 legalibus
2609 5727 2866 5800 ttt‘andatis
2890 5729 3036 5790 quasi
3066 5729 3249 5787 decem
3283 5727 3511 5809 ﬁliorum
3531 5720 3687 5790 prole
