3898 6260
185 380 294 454 50⁵
713 390 778 446 IS
820 391 1189 450 SASIUELEM
1231 387 1639 446 PROPiIE'l'M!
1677 385 2112 447 ALLECOIHCA
2153 387 2539 448 EXPOSITIO.
2583 419 2655 433 --
2690 391 2820 448 LIB.
2864 383 2911 448 Ιέ
3296 396 3401 450 δυσ

183 507 441 564 fecundus
460 476 684 573 extollit,
717 508 769 562 in
797 524 956 563 curva
991 510 1162 578 poti-ts
1203 505 1462 578 publicani
1487 505 1735 576 dignatur
1766 497 1814 562 Αἱ
1840 503 1949 566 rius
1982 501 2094 555 luce
2140 503 2304 556 Anne
2337 504 2492 557 verba
2538 513 2756 572 possunt
2798 505 2866 558 ab
2913 504 3148 567 Ecclesia
3190 508 3256 563 de
3287 510 3413 577 ipqu

184 601 417 653 lamenta
451 598 738 667 respicere,
1852 591 2073 646 Domitio
2101 592 2239 646 dicta
2286 593 2532 662 intelligi;
2563 610 2719 664 quem
2743 595 2838 650 illa
2881 612 3091 664 semper
3138 599 3404 656 desiderat

1852 681 1904 735 itt
1934 697 2030 735 sun
2058 697 2381 752 suorumque
2414 694 2628 749 pectore
2650 700 2797 738 nova:
2823 686 2984 755 gratia
3016 687 3223 742 virtutis
3249 704 3406 756 gene-

1833 773 1979 825 rari.
2033 772 2147 841 Ipse
2195 774 2334 827 enim
2377 775 2524 847 solus
2553 775 2826 840 veraciter,
2874 777 2994 845 quia
3035 775 3151 832 sine
3190 789 3406 845 peccato

1853 861 1982 915 visit
2030 862 2082 915 itt
2111 878 2289 927 carne,
2322 855 2510 919 omnes
2535 863 2648 917 dits
2685 865 2805 918 vita:
2832 881 2943 920 suat
2982 866 3204 922 Domino
3229 868 3401 936 datus,

1854 950 1922 1005 nil
1973 952 2022 1004 in
2067 965 2126 1006 se
2172 954 2388 1007 omnino
2434 952 2571 1022 quod
2624 953 2931 1024 pmttiteudo
2973 968 3277 1023 resecaret,
3327 957 3409 1014 iu—

803 707 1026 763 CAPUT
1065 705 1126 762 ll.

190 800 339 854 Anne
364 800 494 854 inter
518 799 769 852 orationes
793 808 840 851 et
881 801 1131 866 lacrymas

263 867 592 922 Nazarenam
621 868 836 921 Domino
858 865 1032 931 uouet;
1059 876 1104 921 et
1135 866 1447 920 benedicente
1480 883 1591 921 eam
1626 865 1678 921 II
1683 865 1749 920 eli

155 979 158 983 .
264 938 544 1005 sacerdote,
571 939 776 991 domum
803 952 917 990 eant
944 937 1050 990 suis
1097 937 1396 1007 ngreditur.

265 1049 502 1106 ειτηεπῆ
522 1058 693 1103 autent
713 1051 1006 1114 Anna,,etc.
1039 1047 1163 1104 Hac
1187 1047 1344 1103 lectio
1390 1046 1562 1118 typice
1589 1046 1752 1101 devo-
1855 1041 2014 1096 venit.

197 1147 306 1192 tam
328 1150 527 1193 sancite
555 1137 804 1194 Ecclesiae
825 1147 1085 1193 monstrat
1116 1138 1492 1199 humilitatem,
1524 1152 1640 1205 quae
1667 1135 1758 1189 .lu-
1931 1131 2141 1187 Factum
2166 1143 2236 1188 est
2263 1151 2404 1203 ergo,
2430 1151 2546 1189 eum
2571 1136 2662 1189 illa
2680 1137 3043 1204 multiplicare:
3080 1153 3272 1205 preces,
3298 1149 3407 1197 etc.

193 1228 435 1283 datorum
459 1227 762 1283 doctoribus
793 1230 979 1296 partim
1010 1230 1608 1296 insultantibus,partim
1637 1227 1756 1281 fidei
1861 1223 1930 1278 Fa
1968 1236 2074 1278 tnnt
2119 1238 2197 1280 est
2226 1267 2240 1288 ,
2295 1240 2412 1280 cum
2465 1226 2803 1295 multiplicari
2861 1227 3123 1296 inciperet
3172 1227 3409 1283 Ecclesia

197 1317 695 1388 annuentibus,ipsa
711 1319 790 1372 vel
809 1319 860 1373 in
877 1333 976 1373 suo
994 1317 1463 1388 populoChristunt
1498 1318 1757 1387 perfidetn
1861 1329 1953 1382 per
1979 1315 2181 1379 orbem,
2224 1315 2557 1385 multiplicari
2601 1331 2733 1371 nova
2777 1316 3078 1390 develionis
3127 1318 3242 1385 ejus
3285 1317 3404 1372 insi~

199 1407 558 1476 spiritualiter
600 1407 784 1471 nasci,
816 1407 898 1460 vel
925 1422 1079 1461 suum
1111 1407 1364 1478 populum
1401 1408 1666 1462 desiderat
1708 1407 1760 1460 in
1857 1405 1997 1474 gnia,
2046 1405 2194 1471 cujus
2236 1407 2349 1458 laus
2381 1421 2486 1459 non
2513 1420 2576 1460 es
2609 1395 2908 1460 hominibus
2928 1405 3024 1459 sed
3051 1420 3118 1460 ex
3159 1406 3266 1460 Deo
3307 1413 3411 1471 est,

198 1495 411 1550 Christo
436 1494 778 1564 spit-itualitet
814 1496 1039 1550 renasci.
1862 1504 1916 1549 ut
1947 1496 2252 1549 sacerdotes
2297 1495 2596 1551 ludmorum
2646 1511 2806 1565 opera
2855 1495 3252 1551 considerarent
3297 1497 3411 1563 ejus

274 1587 506 1640 Surrexit
545 1598 714 1639 autem
764 1573 933 1652 Anna,
964 1598 1067 1641 etc.
1115 1585 1358 1642 Surrexit
1419 1586 1650 1642 Ecclesia
1695 1587 1764 1642 de
1863 1587 2167 1653 apparentia
2199 1585 2360 1653 foras,
2393 1597 2563 1641 utrum
2608 1588 2858 1642 videlicet
2901 1587 3169 1655 gentiliter
3207 1601 3275 1640 an
3323 1586 3418 1642 Ju-

201 1673 360 1745 lot-go
382 1674 734 1730 desolationis
761 1691 870 1730 sua:
896 1692 1143 1742 mmrore,
1173 1687 1388 1746 accepta
1404 1677 1512 1746 jam
1541 1676 1764 1731 Domino
1863 1675 2014 1729 daice
2059 1674 2284 1731 viveret.
2315 1676 2479 1730 Porro
2507 1676 2594 1730 illa
2624 1675 2896 1732 Judnisnto
2927 1676 3175 1743 paulatim
3207 1677 3414 1743 relicto,

197 1765 536 1834 supplicandi
567 1766 776 1820 ﬁducia.
812 1766 1095 1837 Postquam
1143 1784 1366 1837 corpore
1412 1770 1527 1837 ejus
1571 1784 1762 1823 sacro-
1796 1834 1816 1837 _
1869 1764 1987 1817 lidei
2019 1764 2194 1832 potius
2228 1779 2345 1833 quas
2373 1766 2530 1820 corda
2565 1765 2884 1832 purificaret,
2913 1768 3166 1836 mysteria
3195 1767 3306 1822 sola
3333 1783 3421 1823 se-

199 1863 386 1907 saneto
408 1857 625 1921 refecta,
671 1865 725 1909 et
771 1834 1002 1924 pretioso
1031 1834 1298 1924 sanguinis
1345 1834 1460 1926 ejus
1485 1858 1650 1913 calice
1678 1867 1760 1912 est
1794 1834 1834 1892 Β
1863 1865 2004 1918 ctua.
2049 1853 2166 1908 ﬁdei
2213 1853 2469 1924 sapientia
2524 1854 2766 1908 invisibili
2813 1834 3024 1909 Chri=io
3073 1855 3283 1944 plaqere
3325 1870 3410 1925 ga-

201 1943 495 2009 inebriata;
538 1954 592 1998 et
622 1947 953 2000 manentibus
980 1946 1155 2002 adhuc
1197 1947 1247 2000 in
1278 1946 1568 2008 Judaisnto,
1610 1947 1758 2015 quasi
1863 1942 1971 1995 visa
2000 1953 2099 1998 est.
2377 1948 2382 1952 ’

200 2032 255 2085 in
284 2031 401 2085 solo
428 2027 749 2098 doctoribus,
775 2035 1074 2100 ceterisque
1096 2035 1374 2090 sacerdotii
1401 2050 1558 2104 super
1578 2036 1758 2090 cathe-

1935 2029 2247 2099 Tantumque
2289 2032 2421 2086 labia
2462 2034 2599 2086 illius
2630 2033 2971 2097 mouebantur,
3013 2040 3117 2088 etc.
3163 2032 3419 2088 Ecclesia-

198 2122 351 2174 dram
381 2119 546 2190 Moysi
577 2122 856 2188 ministris,
885 2123 1083 2178 aditum
1133 2124 1282 2195 regni
1319 2124 1551 2179 οωῑθδιίε
1578 2125 1760 2180 οὺεριι-
1862 2117 1996 2172 stiea
2030 2120 2183 2188 plane
2212 2122 2468 2188 operatio,
2514 2131 2567 2175 et
2599 2120 2778 2175 divino
2818 2131 3060 2189 respectu
3091 2120 3420 2191 dignissima,

197 2205 541 2274 vantibus;ut
565 2219 620 2265 et
663 2212 763 2279 ipsi
792 2214 1068 2278 intrarent,
1118 2222 1172 2268 et
1230 2229 1325 2270 eos
1354 2216 1440 2283 qui
1473 2218 1762 2282 volqusent
1862 2229 1979 2282 qua:
2002 2221 2057 2267 et
2082 2213 2195 2279 ipso
2226 2213 2426 2275 Domini
2461 2215 2790 2268 hortamenta
2815 2214 3102 2268 detotione
3130 2213 3421 2283 pracessit,

200 2299 418 2366 intrare,
449 2300 732 2367 docerent;
778 2302 890 2370 ipsa
928 2290 1176 2373 la'crymis
1201 2312 1256 2357 et
1282 2304 1525 2372 precibus
1551 2308 1710 2375 cmpit
1733 2322 1761 2359 a
1863 2303 2082 2356 dicentis
2113 2320 2124 2354 :
2157 2299 2304 2355 Intra
2344 2304 2395 2355 in
2437 2291 2721 2355 cubiculum
2766 2312 2932 2365 tuum,
2961 2312 3031 2367 et,
3066 2305 3240 2357 clauso
3268 2303 3422 2366 ostio,
3467 2361 3469 2364 ,

201 2388 430 2444 Domino
473 2405 712 2461 quaerere
749 2391 908 2458 dona,
940 2407 1054 2463 qua:
1102 2403 1223 2448 ante
1267 2395 1472 2464 cognita
1521 2397 1599 2450 vel
1641 2412 1762 2464 ρετ-
1863 2407 1952 2444 ora
1981 2390 2186 2444 Patrem
2217 2401 2356 2444 tntun
2379 2392 2431 2444 in
2452 2390 2980 2460 abscondito(ﬂattlt.
3013 2393 3106 2459 vt).

199 2493 282 2546 ec,
306 2472 355 2533 ta
381 2481 758 2537 incarnationis
786 2484 898 2554 ejus
925 2484 1173 2555 mysteria
1190 2484 1298 2554 jam
1322 2500 1642 2557 praesumere
1671 2502 1764 2541 ne-
1831 2517 1836 2521 ~
1931 2479 2223 2534 Δίέιῑυιαυὶι
2251 2480 2405 2557 igitur
2423 2496 2531 2533 earn
2564 2479 2680 2534 ηαξ
2697 2466 3042 2546 temulentam,
3065 2491 3172 2536 etc.
3187 2479 3433 2537 Estitna-

202 2568 480 2635 quirent:
1271 2598 1276 2603 -
1862 2571 1938 2625 vit
1966 2572 2207 2640 superbia
2224 2571 2503 2626 sacerdotii
2521 2570 2723 2626 Judaici
2745 2585 3054 2626 conversam
3077 2570 3424 2640 gentilitatem

276 2657 338 2710 Et
362 2667 530 2711 uotum
551 2661 678 2712 sarit
702 2662 871 2724 Anna,
898 2670 1004 2716 etc.
1037 2662 1206 2718 Vovet
1239 2663 1498 2729 Ecclesia,
1523 2667 1567 2720 si
1596 2666 1765 2722 natio-
1865 2673 2195 2733 peccatorum
2217 2664 2391 2718 adhuc
2411 2663 2816 2717 conturbatinne
2842 2651 3244 2731 prae-gravatam,
3267 2661 3421 2717 (Ιὶιίιο

1155 797 1341 864 ﬁlium,
1389 798 1436 850 si
1470 797 1749 863 acceperit,

202 2747 358 2802 nibus
389 2748 607 2803 verbum
637 2751 1021 2818 committatur,
1047 2760 1104 2806 et
1133 2749 1255 2808 fidei
1283 2755 1450 2824 gratia
1482 2757 1763 2823 tribuatur,

200 2836 530 2907 populusque
572 2853 640 2894 ex
682 2839 759 2896 eis
788 2838 939 2894 fortis
967 2840 1247 2896 virtutibus
1271 2845 1492 2912 oriatur,
1538 2845 1763 2901 servitu-

202 2940 319 2979 rum
368 2925 509 2981 hunc
560 2926 785 2983 Domino
830 2943 996 2998 usque
1038 2930 1104 2984 ad
1153 2939 1387 3001 tempora
1412 2934 1645 3002 gentium
1675 2936 1766 2990 im-

202 3016 362 3083 pleta,
395 3032 564 3086 neque
587 3033 816 3087 unquam
839 3018 893 3074 in
915 3023 1213 3090 exemplum
1235 3022 1536 3079 Judmorum
1564 3023 1764 3082 Baalim

1863 2768 1966 2823 que
1987 2754 2034 2808 ei
2068 2771 2081 2807 :
2115 2755 2398 2823 Usquequo
2430 2755 2704 2824 originalis
2731 2753 2896 2824 eulpae
2926 2752 3137 2807 vinculo
3162 2767 3253 2808 rea
3282 2763 3424 2808 tene-

1865 2844 2041 2899 berisi
2062 2843 2464 2899 circumcisione
2482 2843 2764 2938 mundare,
2784 2852 2840 2898 et
2856 2843 2936 2898 sic
2963 2843 3014 2896 in
3038 2843 3426 2913 proselytorutu

1864 2947 2088 2990 numero
2113 2935 2337 2989 salvare.

1937 3019 2263 3093 Respondens
2293 3021 2462 3086 Anna,
2493 3019 2856 3090 Nequaquam,
2880 3021 3075 3093 inquit,
3101 3018 3316 3074 Domine
3338 3023 3428 3086 nti,

200 3117 256 3158 et
296 3107 533 3171 Astarut,
559 3106 872 3178 exterisque
918 3114 1173 3178 portentis
1200 3117 1456 3182 gentium,
1484 3131 1618 3184 genu
1647 3132 1766 3173 esse
1792 3165 1836 3184 η
1865 3122 1975 3168 etc.
2016 3110 2359 3180 Respondeas
2398 3109 2630 3164 Ecclesia
2657 3109 2728 3164 de
2751 3110 3030 3177 gentibus,
3064 3109 3429 3180 Nequaqmm,

201 3194 478 3250 fit-surum.
509 3195 698 3251 Verum
723 3199 766 3253 si
795 3199 908 3254 dies
928 3200 1212 3271 allegorice
1236 3203 1456 3259 virtutes
1477 3204 1763 3277 intelligas,

195 3298 388 3339 omnes
431 3285 546 3341 dies
590 3287 711 3342 vita:
753 3302 863 3344 sua:
893 3290 1115 3344 Domino
1141 3292 1321 3358 datur;
1374 3295 1624 3366 quidquid
1671 3299 1764 3356 lto-

196 3381 403 3428 nestum
432 3371 589 3442 'virit,
613 3377 884 3447 quidquid
932 3380 1159 3435 lucidum
1209 3393 1389 3440 mente
1431 3386 1514 3440 vel
1543 3403 1766 3458 corpore

195 3461 354 3528 gerit,
398 3477 500 3515 non
551 3463 652 3516 sibi
699 3466 900 3532 tribuit,
931 3466 1024 3522 sed
1064 3484 1183 3522 cum
1215 3475 1470 3540 Apostolo
1498 3486 1763 3542 protesta-

198 3561 285 3602 tur
313 3566 327 3602 :
357 3548 539 3604 Gratia
567 3563 734 3606 autem
763 3552 862 3608 Dei
888 3573 999 3610 sunt
1028 3559 1080 3611 id
1106 3563 1242 3628 quod
1269 3579 1380 3616 sitm
1411 3563 1464 3634 (Ι
1504 3566 1622 3621 Cor.
1650 3569 1758 3635 xv).

269 3638 336 3691 Et
365 3643 613 3694 novacula
640 3659 737 3695 non
763 3647 994 3698 ascendet
1023 3664 1175 3715 super
1199 3663 1348 3720 caput
1378 3655 1510 3721 ejus.
1542 3653 1608 3705 Et
1639 3654 1760 3707 red-

1788 3165 1836 3226 ϐ

1869 3200 2066 3272 inquit,
2104 3215 2138 3254 ο
2173 3199 2423 3255 sacerdos
2447 3197 2674 3264 ludum,
2705 3209 2856 3267 putes
2881 3208 3152 3277 oneratam
3181 3201 3429 3267 peccatis,

1866 3309 1982 3363 qua
2011 3291 2338 3358 baptismatis
2360 3289 2525 3353 fonte.
2550 3291 2792 3360 sacrique
2817 3290 3057 3358 corporis
3079 3298 3135 3344 et
3159 3288 3430 3359 sanguinis

1868 3382 2270 3452 participatione
2309 3380 2421 3450 jam
2471 3391 2688 3448 purgata
2744 3380 2998 3448 templum
3044 3378 3238 3433 Christi
3291 3378 3429 3433 lnttts

1867 3476 2002 3529 facta
2028 3489 2167 3529 sunt.
2199 3472 2531 3526 Condelector
2558 3470 2691 3523 enim
2729 3468 2828 3538 legi
2862 3468 2957 3522 Dei
2993 3468 3269 3522 secundum
3303 3469 3429 3521 inte-

1863 3566 2046 3616 riorem
2082 3562 2333 3615 hominem
2365 3559 2544 3628 (llam.
2583 3557 2706 3630 vn);
2750 3572 2847 3614 nec
2868 3557 2979 3627 jam
3008 3557 3306 3628 peccatrix,
3335 3558 3434 3626 sed,

1865 3659 2040 3705 tamen
2072 3650 2252 3704 infelis
2286 3650 2442 3703 nimis
2469 3649 2659 3703 ancilla
2699 3658 2785 3703 tua
2813 3662 2913 3720 ego
2942 3663 3058 3703 sum
3080 3664 3106 3725 ;>
3126 3662 3283 3715 quem
3307 3648 3428 3716 jure

193 3732 403 3799 argutio
434 3733 633 3799 peccati
678 3748 780 3787 non
816 3736 1033 3790 violabit
1060 3738 1173 3806 ejus
1216 3741 1596 3797 conscientiam
1623 3763 1636 3807 ;
1659 3745 1760 3800 ‘sed
1865 3741 2142 3796 Dominum
2173 3756 2326 3806 voco,
2355 3743 2474 3811 quia
2502 3757 2586 3796 me
2613 3751 2719 3795 tam
2749 3741 2968 3808 antiquo
2995 3739 3272 3794 electionis
3299 3749 3429 3793 ιοωο

191 3821 244 3874 in
279 3830 531 3889 quantum
561 3822 758 3876 homini
785 3825 1039 3893 possibile
1071 3835 1171 3892 est,
1201 3843 1388 3884 omnes
1416 3845 1541 3886 suos
1561 3835 1759 3902 cegita-
1863 3846 1990 3899 pore
2021 3824 2362 3900 prwcessiSti.
2395 3830 2521 3897 Quis
2553 3845 2628 3882 me
2649 3829 2874 3882 liberavit
2910 3829 2974 3881 de
3001 3843 3213 3894 corpore
3249 3827 3426 3880 mortis

195 3922 303 3973 tus,
336 3925 632 3978 sermones,
663 3922 716 3967 et
746 3925 915 3979 actus,
946 3916 1034 3986 qui
1062 3917 1202 3971 velut
1245 3918 1312 3973 de
1337 3921 1558 3976 cerebro
1586 3923 1760 3979 cordis
1860 3920 2056 3990 hujus?
2083 3923 2250 3990 gratia
2279 3919 2376 3974 Dei
2404 3934 2492 3987 Per
2519 3916 2693 3972 Ιιδωη
2717 3915 2973 3971 Chium”
3011 3915 3234 3984 (Ibid-li
3271 3915 3428 3982 cui"!

192 3999 396 4077 sensim
429 4001 709 4069 prodeam,
740 4007 886 4072 quasi
919 4021 1074 4062 verus
1095 4007 1374 4065 Nazarmus
1401 4011 1610 4068 Christo
1634 4030 1759 4069 eon-
1862 4013 1982 4068 ideo
2015 4014 2179 4067 sacris
2211 4012 2433 4082 pedibus
2461 3995 2715 4076 acclivis,
2748 3998 3084 4079 liquefactam
3123 4007 3426 4063 dilectionis

193 4103 411 4144 sectare
454 4095 664 4162 satagit.
717 4095 956 4167 Denique
996 4104 1374 4170 apostolorum,
1421 4106 1540 4173 quia
1591 4109 1759 4162 sancti
1859 4105 1978 4174 igne
2023 4105 2255 4158 animam
2303 4103 2355 4157 in
2384 4111 2667 4175 conspectu
2718 4099 2931 4170 pietatis
2974 4098 3090 4167 eius
3138 4100 3427 4169 pet-lact]-

191 4185 345 4240 ευιιισ
374 4178 554 4246 capilli
581 4183 647 4236 de
672 4185 844 4254 capite
873 4188 1045 4252 perire
1074 4205 1175 4246 non
1207 4202 1422 4260 possunt
1448 4193 1602 4264 (Luc.
1627 4200 1756 4249 uti.
1861 4208 1973 4247 mas
1999 4193 2179 4246 effudi.

194 4270 464 4348 Leprosus
489 4280 664 4326 autem
712 4274 1038 4344 immundus,
1087 4291 1139 4336 et
1185 4292 1336 4350 capta
1382 4284 1619 4339 hostibus
1648 4302 1760 4352 mu-
1929 4281 2012 4336 Ne
2051 4292 2255 4351 reputes
2296 4281 2540 4336 ancillam
2581 4289 2720 4335 tuam
2751 4280 2895 4351 quasi
2931 4295 3084 4334 unam
3120 4279 3184 4332 tle
3224 4277 3425 4347 ﬁliabus

191 4359 314 4426 lier,
346 4363 631 4432 exterique
679 4364 832 4432 tales,
875 4381 1096 4425 cunctos
1142 4388 1248 4427 non
1294 4375 1465 4429 solum
1515 4377 1756 4446 capillos,
1863 4372 2062 4439 Belial,
2091 4383 2200 4429 etc.
2257 4371 2335 4428 Ne
2382 4386 2472 4445 me
2512 4385 2790 4440 compares
2833 4368 3114 4425 animabus
3163 4367 3424 4445 diabolica

190 4450 382 4549 sed-et.
421 4453 583 4549 totius
611 4455 848 4524 corporis
893 4457 1046 4525 pilos,
1093 4461 1214 4529 quia
1263 4473 1491 4533 nequam
1536 4477 1659 4520 sunt
1703 4478 1756 4523 et
1781 4465 2043 4549 Diraude
2089 4464 2359 4532 ἀθεεριῑεης
2409 4463 2533 4528 illi“
2583 4476 2650 4517 ει
2702 4470 2813 4516 ιοιο
2855 4460 3017 4549 οθῗάθ
3062 4456 3423 4549 mimum"?!

193 4539 405 4608 polluti,
433 4541 688 4610 iubentur
714 4545 935 4613 radere;
966 4556 1024 4602 ut
1047 4549 1216 4603 recisa
1251 4552 1516 4620 superflua
1547 4554 1759 4613 levitate
1781 4539 1831 4549 —
1861 4568 2023 4620 agens
2061 4551 2464 4608 commissorum
2503 4549 2873 4604 abrenuntiavi
2911 4548 3142 4612 Satana,
3173 4555 3227 4601 et
3254 4544 3423 4599 enini-

189 4630 494 4686 mortalium
520 4636 811 4702 actionum,
836 4637 1089 4709 quidquid
1122 4640 1172 4694 in
1203 4640 1283 4694 eis
1313 4643 1443 4695 vivae
1471 4644 1758 4711 perfectio-

191 4717 282 4773 uis
307 4717 582 4774 inventum
611 4725 702 4788 sit,
732 4725 979 4782 licentius
1008 4739 1346 4784 censi-eretur
1368 4734 1590 4787 auctori.
1635 4735 1756 4790 llaec

189 4816 371 4865 autem
393 4810 641 4881 dicimus,
672 4829 775 4875 non
806 4818 944 4885 quod
974 4821 1200 4889 aliquem
1242 4831 1546 4878 sanctorum
1595 4826 1755 4882 vitant

191 4895 334 4956 hanc
378 4902 495 4956 sine
543 4904 740 4970 peccati
788 4905 944 4960 sorde
994 4912 1312 4980 transegisse
1338 4914 1637 4981 credamus,
1666 4927 1758 4972 aut

192 4995 292 5049 ulli
333 5006 528 5067 prseter
572 4996 839 5053 Christum
884 5003 1166 5058 convenire
1213 4986 1357 5075 quod
1401 5008 1638 5062 dicitur:
1691 5009 1756 5062 Et

191 5085 370 5136 omnia
416 5103 725 5158 quacunque
765 5089 960 5158 fecerit,
1008 5094 1436 5159 prosperabttnlur
1479 5096 1651 5165 (Psal.
1683 5101 1752 5168 t);

187 5171 287 5228 sed
313 5178 451 5242 quod
481 5191 666 5234 omnes
703 5180 920 5235 studere
961 5180 1248 5236 debeamus
1290 5185 1491 5240 servire
1535 5187 1756 5242 Domino

189 5262 244 5316 itt
275 5263 557 5317 sanctitate
594 5275 648 5320 et
684 5268 887 5336 justitia
913 5283 1092 5324 coram
1137 5269 1251 5338 ipso
1296 5271 1542 5328 omnibus
1570 5276 1756 5331 diebus

187 5351 387 5408 nostris
418 5351 568 5420 (Luc.
601 5356 672 5422 t);
704 5359 849 5425 juxta
878 5376 996 5414 eum
1026 5361 1111 5429 qui
1155 5360 1287 5413 dixit
1321 5377 1335 5414 :
1361 5360 1542 5416 Juran
1566 5375 1614 5417 et
1645 5377 1756 5420 sta-

189 5445 266 5498 tui
296 5443 550 5498 euslodire
586 5449 789 5516 judicia
814 5453 1032 5519 julilitt
1077 5461 1177 5506 tum
1206 5451 1372 5520 (I’sal.
1417 5456 1622 5524 csvtn).
1650 5455 1757 5514 Nec

190 5545 367 5591 tamen
419 5532 610 5587 frustra
645 5539 959 5602 prmdicatur
996 5541 1147 5604 alibi,
1179 5541 1360 5596 dicens
1395 5558 1407 5594 :
1440 5540 1504 5594 Et
1534 5561 1632 5598 non
1677 5549 1756 5601 in-

176 5633 296 5680 tres
331 5625 382 5678 in
410 5624 611 5695 judicio
650 5641 764 5679 cum
790 5646 932 5685 set-ro
978 5644 1084 5699 tuo,
1115 5635 1232 5704 quia
1264 5649 1360 5685 non
1390 5634 1756 5704 justiﬁrabitur

191 5718 248 5771 in
265 5725 532 5788 conspectu
571 5725 657 5786 tuo
686 5719 849 5773 omnis
879 5722 1042 5777 virens
1072 5722 1239 5795 (Prol.
1266 5722 1445 5792 csttt).
1479 5722 1628 5779 Unde
1675 5742 1759 5783 ve-

1860 4642 1958 4697 bus
1998 4641 2248 4710 operibus
2287 4654 2351 4694 ac
2397 4636 2603 4707 pompis
2650 4636 2793 4690 illius
2833 4653 2847 4688 :
2892 4637 3108 4702 insuper
3147 4641 3202 4688 et
3239 4635 3434 4710 iugum

1857 4729 2052 4794 Christi
2092 4728 2497 4789 suavissimum,
2541 4725 2680 4792 quod
2719 4723 2806 4778 ille
2832 4721 3028 4776 dudum
3058 4722 3126 4776 de
3151 4721 3289 4786 collo
3325 4735 3424 4777 suo

1854 4803 2116 4887 superbus
2139 4818 2395 4882 excussit,
2421 4815 2560 4871 unde
2583 4825 2637 4870 et
2661 4815 2843 4879 Belial,
2865 4813 2917 4868 id
2946 4823 3054 4880 est,
3080 4812 3276 4883 absque
3296 4811 3423 4883 juge

1856 4905 2106 4976 appellari
2135 4905 2357 4971 meruit,
2387 4904 2572 4961 sedula
2601 4903 2830 4973 suscepi.
3185 4976 3187 4979 ι

1930 4995 2068 5050 Tunc
2097 4995 2219 5049 Πειὶ
2248 4997 2319 5049 ait
2354 4995 2402 5050 ei
2432 5009 2450 5050 :
2484 4995 2627 5049 Vade
2665 4995 2717 5049 in
2752 5009 2906 5065 pace,
2935 5000 3043 5047 etc.
3079 4991 3246 5061 Quam
3276 4990 3421 5060 prius

1858 5087 2125 5145 ebrietatis
2163 5097 2465 5154 notaverat,
2507 5087 2668 5143 modo
2695 5093 2910 5156 accepta
2949 5083 3070 5138 facti
3106 5084 3187 5136 sui
3223 5083 3421 5135 sancti-

1860 5181 2100 5236 ﬁcatione
2138 5179 2432 5245 benedieit;
2472 5189 2526 5234 et
2561 5178 2837 5249 principes"
2862 5174 3194 5230 sacerdotum
3231 5169 3419 5235 invidi.

1856 5273 2103 5328 salutaria
2132 5282 2302 5341 coepta
2331 5272 2636 5327 deridentes
2671 5267 2939 5330 Ecclesia,
2978 5265 3117 5316 velut
3145 5261 3415 5336 ebriorum

1855 5365 2042 5417 similia
2072 5364 2407 5432 spernebant.
2438 5363 2668 5428 Quorum
2700 5371 2872 5411 tamen
2913 5353 3148 5410 nonnulli
3186 5364 3418 5420 postmo-

1857 5454 1982 5509 dum
2020 5453 2226 5523 mgnita
2266 5454 2332 5507 de
2371 5452 2452 5505 bis
2487 5451 2661 5503 divina
2702 5448 2990 5512 voluntate,
3034 5457 3267 5500 attrivere
3302 5456 3420 5496 creo

1857 5544 2124 5609 dentibus,
2168 5553 2222 5598 et
2260 5540 2814 5596 auxilium‘curabant
2855 5538 3195 5607 impendere;
3237 5533 3334 5588 sed
3365 5544 3420 5588 et

1861 5635 2008 5690 multi
2038 5647 2100 5688 es
2133 5634 2208 5687 eis
2236 5632 2322 5702 qui
2363 5629 2559 5699 Spiritu
2597 5620 2781 5684 sancto
2814 5629 3088 5696 loquentes
3108 5624 3414 5692 apostolos,

1863 5738 2034 5785 musto
2062 5726 2244 5797 plenos
2271 5724 2515 5799 dicebant
2555 5725 2686 5793 (Act.
2721 5721 2811 5790 tt):
2853 5719 3025 5777 audita
3056 5721 3256 5775 ratione
3286 5732 3416 5771 vers-
