3898 6260
480 333 579 388 507

981 325 1184 380 ΒΕυΑΞ
1230 325 1678 378 κἐΝιιιΑιιςιιιδ
1716 324 1991 378 υιιιιιωι
2032 323 2062 377 ιι

2171 325 2206 378 S
2245 323 2310 378 ΙΙ.
2351 355 2416 369 -
2458 324 2841 381 ΕΧΕυΕΤΙΟΛ
2883 325 3204 382 ΟΕΝΕΙΝΛ.

3624 331 3736 386 503

480 442 620 504 ωιίκ,
650 438 790 508 quod
818 438 960 506 prius
991 438 1204 492 irrisere
1233 436 1537 506 mysterium
1559 477 1571 498 ,
1601 433 1874 490 credentes
1899 435 2028 488 acci-
2057 441 2107 495 Α
2133 434 2256 487 lecit
2302 432 2573 491 Dominus.
2622 436 2821 491 Nomen
2864 437 2978 505 ejus
3027 437 3183 498 Deus.
3223 438 3376 504 cujus
3427 441 3734 504 videlicet,

480 531 711 600 piebant.

551 618 618 674 Et
646 620 767 672 abiit
797 619 974 672 mulier
1010 619 1062 671 in
1100 619 1232 671 viam
1269 633 1445 683 suam,
1488 627 1534 669 et
1558 617 1803 680 comedit,
1831 625 1936 669 etc.
1973 615 2036 668 Et

484 695 788 780 proﬁciebat
826 710 1055 764 Ecclesia
1087 725 1180 777 spe
1211 724 1455 777 superna
1495 709 1701 777 pietatis
1721 749 1736 774 ,
1779 717 1952 761 erecta
1985 708 2036 760 in

485 803 639 855 tidem
666 800 1109 867 dilectionemque
1138 799 1355 866 Christi,
1382 800 1466 868 qui
1503 810 1581 852 est
1611 799 1714 864 vis,
1747 799 1958 861 veritas,
1987 807 2040 852 et

486 893 615 955 vita;
663 889 1132 957 consolatoriisque
1175 900 1228 944 et
1267 888 1652 942 contortatoriis
1694 902 1860 941 sacra:
1899 885 2040 943 Scri-

488 992 652 1050 plura:
692 982 918 1050 dapibus
958 979 1175 1045 refecta,
1221 979 1376 1034 nullis
1417 979 1608 1034 exinde
1647 979 1908 1047 pressaris
1951 983 2042 1029 aut

491 1070 862 1126 blandimentis
890 1070 957 1122 ab
987 1070 1077 1123 illo
1107 1086 1263 1138 quem
1297 1071 1462 1124 semel
1503 1069 1716 1135 agnotit
1756 1066 1863 1121 Deo
1894 1081 2038 1127 vero,

489 1162 658 1228 potuit
687 1163 737 1215 in
767 1176 1008 1214 errorum
1040 1160 1246 1215 diversa
1280 1161 1492 1215 mutari.
1535 1158 1738 1211 Parasti
1768 1159 1932 1218 enim,
1967 1158 2042 1208 in-

489 1252 622 1316 quit,
653 1251 704 1303 in
732 1260 997 1316 conspectu
1024 1267 1132 1304 meo
1153 1268 1374 1305 mensam
1403 1252 1640 1304 adversus
1667 1267 1747 1304 cos
1773 1255 1858 1320 qui
1887 1249 2044 1301 tribu-

490 1341 594 1390 t-mt
623 1354 700 1392 me
727 1337 896 1409 (l’sul.
931 1342 1087 1410 χιιι).

561 1426 973 1484 BAsurrexerunt
1003 1445 1167 1494 mane,
1193 1441 1240 1483 et
1260 1430 1613 1495 adoracerunt,
1637 1439 1740 1481 etc.
1776 1429 2046 1484 Profectus

495 1516 745 1572 Ecclesiae
772 1521 1061 1574 crescentis
1090 1520 1404 1574 ostenditur.
1441 1520 1614 1574 l'rima
1651 1520 1818 1588 surgit
1843 1520 1952 1572 sola
1982 1521 2047 1574 ad

489 1612 744 1664 orandum
768 1611 939 1674 Anna,
965 1626 1062 1665 nec
1085 1611 1209 1665 hora
1235 1625 1338 1680 qua
1361 1621 1569 1666 malum
1594 1621 1676 1664 est
1702 1611 2044 1679 exprimitur;

494 1717 633 1756 ltlttlc
670 1715 884 1770 accepta
931 1704 1296 1758 benedictione
1334 1706 1623 1759 sacerdotis
1663 1705 1829 1774 surgit
1872 1721 2044 1770 tttane,

2137 518 2237 575 nisi
2263 522 2376 591 ejus
2407 525 2493 592 qui
2527 536 2583 578 ut
2611 541 2671 580 se
2691 539 2901 594 semper
2930 528 2981 580 in
3012 527 3120 580 suis
3151 543 3246 595 per
3269 530 3501 596 gratiam
3535 531 3736 583 nasci-

2139 621 2309 665 turum
2333 616 2668 682 signilicarel.
2697 618 2771 670 ait
2799 635 2812 670 :
2846 615 3139 685 Quicunque
3164 619 3297 670 enim
3323 619 3500 685 [ecerit
3523 621 3731 671 Iolla-

2140 714 2293 757 tatens
2324 704 2489 760 Patris
2517 709 2642 772 mei,
2679 709 2767 777 qui
2795 709 2848 760 in
2890 711 3026 762 caelis
3065 720 3158 773 est,
3189 711 3296 778 ipse
3334 725 3479 763 meus
3522 714 3730 778 {rt-scr,

2139 808 2281 846 soror
2315 805 2360 846 et
2409 803 2567 848 mater
2608 806 2677 850 est
2707 796 2916 864 (.llattlt.
2952 797 3066 866 ιιι).
3099 799 3208 852 Nec
3239 813 3431 852 novum
3462 799 3730 852 videatur

2139 885 2315 947 alicui,
2340 887 2479 953 quod
2515 885 2750 956 ejusdem
2778 891 2942 943 Anna:
2966 899 3020 943 et
3047 891 3217 944 virum
3247 899 3302 944 et
3332 891 3526 956 lilium,
3559 888 3730 944 Chri-

2141 975 2207 1028 sti
2255 984 2430 1045 typum
2479 991 2688 1045 gestare
2735 975 3057 1043 dixerimus;
3111 981 3233 1048 quia
3281 979 3523 1048 profecto
3571 979 3729 1033 ide-

2142 1064 2396 1118 blediator
2441 1067 2528 1120 Dei
2574 1077 2630 1124 et
2675 1068 2964 1132 hominum,
2997 1078 3192 1122 sanetae
3239 1069 3517 1135 Ecclesiae,
3545 1083 3728 1139 quam

2141 1158 2414 1224 gubernat,
2443 1171 2667 1227 sponsus
2695 1159 2849 1213 simul
2880 1168 2934 1214 et
2964 1159 3100 1212 titius
3128 1169 3248 1223 est;
3291 1172 3547 1227 sponsus,
3597 1172 3726 1212 eam

2143 1261 2354 1316 semper
2399 1257 2453 1302 ut
2492 1249 2694 1316 credat,
2740 1256 2943 1317 speret,
2974 1257 3136 1312 amet,
3183 1247 3515 1316 adjuvando;
3547 1246 3726 1311 ﬁlius,

2147 1352 2311 1404 nuper
2342 1336 2393 1390 in
2437 1338 2791 1401 credi-mium,
2835 1339 3185 1407 sperantium,
3217 1336 3512 1390 amantium
3549 1333 3725 1388 corda

2149 1444 2240 1496 per
2269 1432 2490 1496 gratiam
2519 1430 2800 1484 veniendo.

2217 1517 2451 1571 Ascendit
2479 1527 2640 1571 autem
2677 1519 2749 1572 air
2773 1518 2989 1582 Eleana,
3020 1525 3122 1572 etc.
3152 1515 3510 1586 Unusqusqu
3537 1515 3594 1567 in
3626 1532 3723 1567 sua

2149 1623 2298 1661 sensu
2327 1608 2542 1661 abundet
2589 1607 2766 1678 (liam.
2796 1609 2926 1676 ιμ’).
2957 1606 3214 1661 Ascendit
3242 1605 3500 1659 Dominus
3531 1614 3586 1657 et
3621 1605 3724 1658 Ec-

2150 1697 2306 1750 Cieait
2336 1698 2708 1766 perfectornm,
2732 1713 2849 1767 qua:
2879 1709 2961 1754 est
2981 1698 3191 1758 domus.
3217 1707 3272 1750 et
3300 1695 3457 1749 sedes
3480 1693 3622 1761 eius,
3658 1694 3722 1744 ad

498 1807 595 1845 nec
623 1792 734 1845 sola
755 1831 770 1857 ,
798 1793 892 1848 sed
924 1807 1042 1847 cum
1072 1793 1182 1847 viro
1209 1804 1262 1848 et
1295 1804 1400 1848 tota
1428 1797 1541 1862 ejus
1581 1773 1775 1849 {:unilia
1806 1799 2048 1865 precibus
2081 1773 2126 1832 Β
2153 1787 2416 1841 υπετειιάίι
2450 1786 2586 1842 Patri
2618 1788 2706 1857 qui
2745 1797 2830 1843 est
2858 1789 2909 1842 in
2951 1787 3122 1850 ctelis,
3167 1800 3386 1840 suorum
3417 1792 3542 1836 vota
3583 1797 3720 1848 0pc.

496 1883 677 1937 instat.
705 1880 890 1938 Primo
911 1885 961 1938 in
990 1886 1168 1954 paucis
1193 1887 1429 1941 Ecclesia
1463 1887 1739 1941 Dominum
1765 1888 2049 1955 quaerebat,

492 1981 547 2026 at
585 1972 671 2028 ubi
717 1986 1021 2044 susceperat
1059 1993 1086 2029 a
1125 1976 1368 2032 fidelibus
1405 1977 1708 2032 Judatornm
1747 1978 2056 2032 doctoribus

492 2064 815 2120 incrementa
845 2065 962 2120 tidei
982 2107 996 2131 ,
1027 2067 1280 2122 discussis
1303 2069 1410 2137 jam
1441 2067 1672 2122 tenebris
1703 2068 2010 2136 gentilitatis
2039 2086 2049 2118 :

495 2155 534 2203 Α
575 2152 791 2220 ﬁnibus,
836 2153 1035 2224 inquit,
1079 2165 1226 2209 terra:
1268 2158 1336 2209 ad
1375 2168 1422 2210 te
1462 2155 1672 2209 clamavi
1709 2153 1880 2224 (Psal.
1929 2156 2051 2226 Ls);

496 2254 640 2294 tanta
665 2243 898 2297 cmlestis
938 2246 1173 2300 muneris
1213 2245 1376 2312 gratia
1425 2245 1748 2310 redundans,
1787 2255 1842 2299 ut
1881 2245 2052 2313 ipsum

498 2347 708 2401 quoque
737 2333 1049 2400 Dominum,
1078 2335 1325 2392 videlicet
1361 2339 1530 2392 virum
1562 2355 1712 2394 suum
1743 2353 1921 2404 orans,
1949 2338 2055 2392 ad-

499 2433 743 2476 vocatum
773 2425 908 2493 apud
940 2425 1146 2479 Patrem
1179 2441 1282 2480 non
1315 2427 1579 2484 dubitatur
1610 2431 1824 2486 habere.

570 2512 866 2584 Reuersique
910 2525 1046 2579 sunt,
1077 2525 1124 2569 et
1154 2528 1412 2583 venerunt,
1443 2528 1548 2572 etc.
1597 2518 1852 2572 Ramatha
1884 2519 2052 2571 inter-

501 2612 736 2671 pretatur
757 2605 998 2659 altitudo.
1034 2606 1099 2660 Et
1128 2621 1224 2660 nos
1265 2623 1393 2676 ergo
1416 2608 1678 2676 completa
1709 2608 1970 2671 oratione,
2000 2616 2058 2660 ut

501 2694 760 2762 postulata
789 2695 1141 2762 obtineamus,
1175 2707 1229 2749 ut
1259 2707 1377 2767 post
1423 2699 1714 2752 luctuosam
1748 2698 1943 2752 mentis
1978 2699 2056 2751 in-

506 2785 788 2840 tructuoste
826 2787 1179 2852 sterilitatem,
1215 2789 1473 2843 sacrando
1507 2790 1612 2844 Deo
1657 2791 1923 2845 valeamus
1953 2790 2055 2842 vir-

503 2883 669 2929 tutum
713 2877 943 2945 germina
993 2877 1247 2946 proferre,
1293 2894 1393 2932 n0n
1425 2882 1489 2933 ad
1543 2895 1867 2948 supervacua
1917 2881 2056 2933 loras

501 2965 723 3031 agenda,
767 2965 860 3020 sed
889 2965 955 3020 ad
987 2975 1181 3021 nostra:
1223 2969 1559 3024 conscientiae
1604 2971 1707 3025 ttde
1737 2979 1790 3024 et
1832 2971 2057 3023 veritate

501 3055 780 3109 sublimata
810 3057 1112 3111 studeamus
1144 3059 1434 3112 habitacula
1472 3062 1683 3115 reverti.
1714 3060 1818 3116 Nec
1839 3061 1908 3114 sit
1938 3059 2052 3114 vul-

507 3160 589 3198 ius
615 3158 794 3200 noster
822 3145 1049 3213 amplius
1076 3146 1126 3199 in
1159 3147 1366 3202 diversa
1399 3159 1650 3216 mutatus,
1674 3151 1765 3204 sed
1795 3152 1845 3204 in
1867 3149 2054 3204 eodem

511 3249 665 3302 quem
713 3236 763 3287 in
810 3233 1047 3288 oratione
1092 3237 1414 3303 conceperit,
1449 3239 1604 3289 etiam
1649 3247 1767 3305 post
1802 3238 2063 3306 lacrymas

511 3323 928 3393 consumptionis
955 3323 1144 3380 ardore
1175 3335 1228 3378 et
1253 3325 1532 3380 devotione
1563 3328 1831 3397 persistat.

1113 3459 1337 3515 CAPUT
1368 3461 1454 3515 ΙΙΙ.

511 3549 662 3621 Anna
700 3556 874 3601 natum
914 3549 1006 3601 sibi
1054 3551 1215 3616 ﬁlium
1255 3551 1464 3606 Samuel
1511 3562 1672 3617 uocat,
1723 3570 1868 3621 quem
1915 3555 2064 3606 etiam

582 3617 879 3669 ablactatum
904 3633 1016 3668 cum
1037 3621 1320 3672 muneribus
1335 3631 1393 3676 et
1415 3623 1590 3676 hostiis
1619 3617 1834 3678 Domino
1857 3625 1907 3677 in
1928 3634 2064 3677 mter-

580 3703 699 3738 nunt
727 3688 1088 3737 accommodat.

583 3774 824 3845 Cagnovt't
851 3784 1018 3827 autem
1063 3774 1254 3829 Elcana
1294 3779 1488 3834 Annam
1531 3796 1738 3834 uxorem
1765 3799 1926 3849 suam,
1959 3795 2064 3838 etc.

513 3866 570 3916 lu
615 3866 711 3920 hac
751 3865 973 3918 lectione
1002 3880 1126 3918 suos
1173 3868 1402 3922 Ecclesia
1448 3870 1580 3924 ﬁlius
1628 3871 1730 3925 tide
1761 3881 2066 3939 conceptos,

519 3957 830 4024 baptismate
871 3959 1097 4024 gi-nitos,
1148 3960 1384 4014 doctrina
1430 3962 1740 4028 ablactalos,
1789 3975 2071 4015 conversa-

523 4046 678 4099 tionis
714 4046 934 4101 sincera:
976 4063 1190 4104 munere
1234 4051 1649 4114 connncndatos,
1692 4049 1929 4104 societati
1974 4064 2073 4103 ca-

520 4136 728 4191 tholica:
777 4140 1009 4203 unitatis,
1049 4158 1166 4210 quite
1195 4159 1260 4196 ex
1295 4142 1491 4197 .ludacis
1523 4143 1768 4196 tidelibus
1815 4144 2070 4211 originem

518 4227 683 4290 ducit,
715 4229 819 4283 imo
844 4230 940 4298 ipsi
973 4233 1211 4295 Domino,
1243 4233 1330 4302 qui
1364 4234 1648 4301 Ecclesiam
1685 4234 1840 4301 regit,
1871 4234 2074 4288 cunctis

518 4331 630 4372 sum
655 4317 776 4371 vita:
804 4319 988 4373 diebus
1018 4323 1307 4376 servituros
1333 4324 1719 4377 accommodat.
1762 4314 1767 4318 ”

2152 1893 2288 1945 rum,
2313 1886 2365 1932 et
2397 1892 2573 1934 manet
2612 1880 2781 1933 adhuc
2811 1878 2953 1933 dumi
2981 1877 3207 1933 ecvlesia
3235 1879 3286 1930 in
3318 1875 3424 1938 his,
3466 1874 3563 1942 qui
3594 1888 3736 1927 nec:

2151 1967 2275 2021 dum
2315 1969 2486 2023 solido
2530 1970 2678 2024 verbi
2708 1970 2828 2023 cibo
2858 1970 2929 2023 uti
2974 1979 3216 2036 possunt.
3249 1966 3451 2035 Aliqui,
3482 1965 3723 2031 acceptis

2155 2059 2273 2113 tidei
2302 2061 2635 2127 rudimentis,
2659 2061 2833 2115 adhuc
2854 2061 3001 2130 pueri
3019 2061 3264 2115 sensibus
3291 2068 3504 2114 exstant
3533 2057 3719 2127 (Hebr.

2152 2150 2230 2218 v).
2280 2150 2464 2204 Aderit
2491 2158 2668 2205 autem
2711 2159 2938 2219 tempus.
2974 2164 3096 2203 cum
3133 2160 3187 2203 et
3233 2148 3334 2217 ipsi
3381 2150 3638 2210 nutrient,
3670 2158 3723 2199 et

2153 2253 2334 2293 secum
2356 2249 2596 2294 morante
2617 2240 2782 2310 gratia
2805 2240 3021 2304 Christi,
3047 2241 3368 2294 exercitatos
3384 2239 3496 2308 jam
3529 2253 3721 2292 sensus

2153 2330 2217 2382 ad
2266 2331 2642 2389 discretionem
2688 2333 2813 2385 boui
2840 2347 2902 2385 ac
2931 2333 3053 2384 mali
3087 2332 3284 2385 habt-re
3312 2329 3604 2397 incipiant;
3636 2329 3716 2380 di-

2152 2431 2378 2486 cuntque
2397 2434 2516 2473 cum
2540 2422 2796 2487 Apostolo
2828 2438 2840 2472 :
2873 2419 2998 2473 Cum
3017 2430 3183 2473 autem
3206 2424 3372 2488 [actus
3392 2435 3505 2472 sunt
3535 2421 3629 2482 vir,
3661 2435 3719 2471 es

2153 2524 2262 2575 qua
2291 2509 2486 2575 parvuli
2515 2519 2630 2562 sunt
2669 2512 2876 2578 deposui
2917 2507 2966 2580 (Ι
2999 2509 3116 2564 Cor.
3163 2512 3302 2577 sttt).
3333 2508 3564 2578 Jamque
3610 2510 3718 2561 sint

2157 2603 2285 2656 tales
2313 2611 2598 2671 conspectu
2631 2602 2838 2657 Domini
2866 2604 3030 2672 digni,
3061 2616 3444 2671 manentesque
3481 2604 3534 2655 in
3568 2617 3718 2656 voca-

2158 2692 2298 2746 tione
2342 2706 2442 2760 qua
2487 2695 2654 2749 vocati
2695 2705 2817 2749 sunt
2857 2697 2994 2763 apud
3040 2696 3223 2760 Deum,
3257 2705 3312 2749 et
3353 2694 3718 2749 sacerdOtibus

2156 2786 2431 2856 interesse,
2465 2796 2518 2842 et
2563 2803 2678 2858 qua:
2720 2790 2899 2842 altaris
2940 2798 3064 2843 sunt
3093 2792 3273 2856 edere,
3305 2788 3372 2844 de
3425 2786 3713 2842 divinitatis

2154 2881 2313 2934 etiam
2341 2896 2560 2935 summa:
2591 2881 2791 2948 possint
2811 2879 3016 2945 audire,
3050 2880 3389 2949 legentesque
3418 2878 3715 2931 discernere

2156 2972 2522 3027 sacramentis.
2564 2971 2703 3025 Talis
2732 2981 2813 3024 est
2840 2971 3073 3025 omnium
3103 2969 3432 3023 credentium
3477 2968 3528 3020 in
3571 2968 3714 3020 Chri-

2160 3068 2240 3114 sto
2264 3060 2526 3124 profectus
2559 3079 2569 3113 :
2605 3062 2726 3114 talia
2747 3075 3014 3116 conversa:
3037 3059 3346 3130 gentilitatis
3370 3059 3508 3112 inter
3538 3057 3710 3111 decios

2163 3149 2512 3218 doctoresque
2535 3149 2765 3218 Judaaos,
2791 3153 2939 3221 quasi
2965 3153 3263 3206 Pheneuua:
3287 3153 3446 3217 ﬁlios,
3467 3150 3709 3205 exstitere

2164 3242 2470 3311 primordia.

2235 3330 2300 3385 Et
2326 3335 2538 3386 adduxit
2567 3349 2680 3386 eum
2707 3348 2893 3392 secum,
2941 3341 3204 3398 postquam
3232 3330 3590 3392 oblectaverat,
3613 3339 3706 3382 etc.

2166 3423 2392 3478 Adducnt
2420 3404 2650 3478 Ecclesia
2679 3407 2803 3477 suos
2847 3423 3004 3484 ﬁlios,
3033 3423 3221 3489 quibus
3262 3421 3637 3473 rationabiliter
3660 3427 3708 3471 et

2165 3515 2279 3569 sine
2323 3515 2445 3567 dolo
2475 3516 2551 3567 lac
2593 3515 2936 3576 ministraret,
2966 3503 3218 3577 easqnea
3269 3511 3557 3577 puerilibus
3596 3509 3705 3560 nori

2166 3604 2397 3659 hominis
2453 3606 2764 3658 rudmentts
2816 3606 2882 3657 ad
2928 3604 3238 3672 perfectiora
3288 3599 3398 3668 jam
3452 3600 3707 3653 educando

2169 3707 2501 3765 provexerat.
2547 3697 2791 3760 Aditum,
2823 3697 3054 3761 inquam,
3085 3708 3200 3756 eos,
3231 3707 3366 3762 quos
3393 3692 3707 3745 auxiliatrice

2167 3785 2360 3839 Christi
2390 3786 2554 3853 gratia
2601 3799 2761 3838 sensu
2805 3787 2966 3837 testes
2996 3784 3172 3837 etiecit
3201 3784 3266 3836 ad
3295 3783 3601 3836 societatem
3628 3795 3707 3833 eo—

2171 3890 2286 3927 rum
2321 3877 2406 3940 qui
2441 3876 2689 3940 templum
2731 3874 2818 3928 Dei
2851 3875 3055 3926 fuerant
3081 3873 3190 3940 jznn
3236 3887 3329 3940 pcr
3373 3873 3562 3927 diiinze
3592 3874 3705 3939 legis

2170 3960 2558 4014 observantiam
2592 3962 2734 4015 laeti.
2781 3962 3004 4014 Adducit
3053 3973 3227 4016 autem
3265 3978 3361 4018 cus
3401 3965 3452 4017 in
3483 3964 3702 4032 personis

2173 4049 2364 4113 tribus,
2389 4049 2787 4119 coniugatorum
2808 4052 3026 4115 scilicet,
3051 4055 3456 4120 continentium,
3475 4065 3526 4108 et
3545 4053 3704 4106 docto-

2175 4154 2313 4202 rum,
2354 4138 2445 4205 qui
2489 4152 2596 4189 sua:
2629 4137 2748 4190 vita:
2778 4138 3031 4190 munddia
3060 4139 3253 4192 divinis
3280 4139 3389 4206 apti
3435 4140 3702 4198 sacriﬁciis,

2175 4243 2396 4298 corpora
2430 4243 2522 4296 pro
2563 4227 2771 4282 Christo
2800 4229 2934 4283 mori
2984 4239 3161 4298 parata
3193 4229 3444 4296 habeant,
3471 4243 3561 4283 cor
3590 4243 3703 4282 coa-

2176 4320 2354 4374 tritnm
2406 4319 2540 4372 mola
2573 4320 2774 4372 timoris
2821 4330 2873 4374 et
2920 4322 3031 4387 spei
3081 4321 3517 4390 humiliatumque
3560 4320 3703 4388 possi-

590 4407 829 4479 Cegnovit
855 4410 1009 4476 igitur
1042 4408 1234 4461 Elcaita
1262 4427 1467 4463 uxorem
1497 4429 1660 4477 suant,
1689 4422 1794 4466 etc.
1826 4411 2076 4466 Misertus
2103 4445 2154 4505 υ
2177 4409 2355 4474 deant,
2405 4421 2460 4464 et
2506 4410 2687 4464 sobrio
2733 4412 2840 4480 jam
2892 4414 3055 4467 calice
3098 4413 3396 4467 inebriandi
3444 4413 3701 4466 terrentem

520 4512 602 4554 θοι
634 4498 885 4552 Dominus
929 4499 1308 4566 locupletando:
1341 4514 1432 4567 per
1459 4515 1605 4554 suam
1641 4505 1860 4571 gratiam
1890 4503 2073 4558 Ecde-

523 4591 614 4643 siae
645 4592 900 4660 gentium,
929 4591 1166 4650 etmisso
1194 4607 1285 4659 per
1306 4591 1680 4660 prtedicatores
1701 4596 1899 4652 semine
1929 4597 2075 4652 verbi

525 4679 628 4741 sui,
656 4680 920 4736 reminisci
945 4691 998 4735 et
1022 4682 1260 4737 converti
1285 4682 1351 4738 ad
1375 4698 1433 4738 se
1460 4684 1707 4754 przccepit
1736 4701 1921 4744 omnes
1945 4689 2078 4745 lines

526 4778 704 4823 terra.

603 4857 667 4911 Et
694 4861 879 4938 factum
915 4873 986 4916 est
1029 4873 1140 4932 post
1162 4867 1406 4920 circulum
1437 4868 1635 4923 dierum
1660 4870 1880 4938 concepit
1911 4871 2077 4935 Anna,

530 4959 637 5003 etc.
685 4935 898 5004 Factum
932 4964 1014 5006 est
1043 4964 1161 5024 post
1189 4957 1596 5013 illustrationem
1641 4935 1883 5027 plurimae
1911 4960 2081 5014 scien-

533 5045 616 5095 tia:
644 5039 953 5109 spiritualis,
977 5054 1028 5097 et
1067 5047 1315 5118 virtutum
1343 5050 1729 5113 ostensionein,
1767 5049 1956 5118 quibus
1985 5064 2078 5103 co-

535 5144 879 5190 rnscaverunt
920 5137 1143 5203 apostoli
1174 5139 1287 5192 orbi
1331 5149 1505 5204 teme,
1548 5142 1791 5210 cancepit
1819 5139 2084 5207 gentilitas

532 5227 940 5291 ciitechisando,
983 5237 1036 5281 et
1082 5228 1283 5296 peperit
1327 5219 1640 5294 liiptizaudo
1685 5233 1932 5298 populum
1979 5229 2084 5282 Deo

536 5319 862 5383 credentem,
880 5318 984 5370 imo
1003 5319 1257 5373 creditum
1277 5333 1371 5370 suo
1390 5316 1438 5369 in
1466 5321 1655 5387 populo
1674 5321 1858 5374 Deum.
1886 5317 2088 5372 Utrunb

540 5421 640 5467 que
667 5406 807 5458 enim
854 5421 927 5458 rei
946 5415 996 5459 te
1026 5405 1314 5470 fatendum,
1346 5422 1451 5459 non
1497 5409 1663 5459 solum
1706 5409 1836 5461 ratio
1864 5407 1981 5460 tidei
2027 5421 2088 5459 ac
2137 5419 2140 5422 '

545 5494 801 5555 veritatis,
830 5498 920 5548 sed
961 5507 1012 5549 et
1040 5498 1207 5564 ipsum
1239 5499 1496 5553 Samuelis
1531 5513 1722 5552 nomen
1750 5498 1968 5552 intimat.
2004 5498 2084 5550 lu-

545 5591 863 5645 tcrpretatur
905 5582 1083 5636 enim:
1121 5588 1186 5638 ibi
1239 5587 1348 5653 ipse
1399 5587 1559 5652 Deus,
1591 5589 1701 5642 sive
1755 5602 1944 5643 nomen
1973 5587 2088 5656 t-jos

547 5676 704 5725 licus.
745 5673 824 5743 ibi
859 5676 968 5742 ipse
999 5675 1134 5733 Deus
1177 5682 1226 5736 in
1259 5683 1469 5751 populo,
1503 5686 1588 5754 qui
1643 5694 1903 5750 nascetur,
1935 5702 2088 5757 quem

2177 4503 2357 4570 gratiae
2377 4503 2668 4570 spirituahs
2692 4505 2889 4573 integra
2929 4519 3105 4560 mente
3142 4506 3560 4574 complectantur
3579 4520 3700 4559 smo-

2177 4608 2309 4648 retu.
2341 4593 2469 4647 Nam
2511 4597 2629 4661 quia
2672 4601 2925 4664 amphora
2969 4612 3228 4651 mensura
3277 4611 3446 4666 genus
3483 4606 3577 4662 est,
3605 4609 3702 4649 uio-

2176 4684 2304 4737 dum
2351 4684 2568 4748 amoris,
2597 4700 2701 4751 quo
2745 4687 3035 4753 proximust
3066 4688 3289 4755 quisque
3317 4687 3456 4740 sicut
3498 4685 3700 4753 seipsum

2178 4777 2402 4843 diligere
2445 4775 2692 4842 jnbetur,
2739 4776 2985 4832 insinuat.
3032 4779 3161 4842 Quia
3212 4791 3337 4831 vero
3383 4787 3490 4830 tres
3529 4773 3699 4829 modios

2179 4867 2436 4931 continet,
2489 4867 2677 4919 merito
2735 4867 2966 4934 pra:l'atis
3016 4869 3183 4921 tribus
3239 4864 3504 4934 personis,
3545 4862 3700 4931 quibus

2181 4960 2353 5015 onmis
2387 4958 2617 5012 Ecclesia
2645 4969 2868 5022 constat,
2895 4968 3123 5026 aptatur.

2255 5049 2391 5104 Puer
2420 5060 2589 5103 autem
2632 5060 2739 5103 erat
2789 5049 2956 5102 adhuc
3003 5045 3309 5116 infantulus,
3356 5050 3463 5096 etc.
3506 5041 3697 5112 Populus

2184 5141 2413 5209 gentium
2441 5151 2554 5194 erat
2595 5156 2761 5205 nuper
2788 5139 2850 5192 ad
2886 5139 3040 5192 tidem
3067 5147 3379 5197 conversus,
3401 5145 3454 5186 et
3482 5133 3697 5188 dederunt

2186 5247 2443 5305 martyres
2487 5251 2588 5288 non
2636 5247 2845 5302 paucos,
2891 5235 2977 5298 qui
3030 5230 3272 5281 unanima
3321 5226 3587 5282 devotione
3623 5241 3696 5295 pro

2186 5321 2395 5376 Christo
2440 5326 2745 5392 sanguinem
2779 5323 3072 5380 inriderent,
3118 5325 3173 5369 et
3215 5315 3549 5372 inseruerunt
3582 5317 3692 5372 oles-

2188 5423 2353 5464 strntn
2382 5414 2432 5466 in
2453 5415 2652 5468 bonam
2682 5414 2906 5474 olivam;
2936 5411 3047 5462 haec
3091 5406 3330 5460 fecerunt
3360 5409 3576 5464 ministri
3607 5423 3696 5464 ser-

2183 5491 2381 5558 'tnonis.

2267 5591 2328 5644 lit
2360 5597 2691 5651 adorat-erunt
2739 5598 2802 5648 ibi
2839 5593 3108 5644 Dominum
3152 5591 3300 5654 Quod
3351 5590 3697 5644 Dontiutsstuc

2193 5689 2500 5745 remissione
2527 5692 2672 5762 jubet
2696 5671 2870 5752 oraie,
2895 5695 2944 5738 et
2976 5700 3078 5736 non
3098 5683 3330 5739 deiicere
3359 5681 3408 5746 (Ι
3441 5681 3596 5737 Thess.
3623 5685 3684 5742 tl;

3565 6113 3600 6133 _.
3799 5795 3853 6133 l
