3898 6260
259 490 364 545 509
776 487 840 542 ΙΝ
875 487 1246 543 SAMUELEM
1287 485 1697 541 PROPllBTAM
1737 485 1813 539 Al.

1921 486 2163 541 GORICA
2207 482 2582 538 EXPUSITIO.
2623 513 2691 525 —
2731 483 2856 538 LIB.
2898 484 2938 539 1.
3345 483 3440 541 810

261 604 365 656 sub
392 604 555 655 Anna
582 599 739 669 figura
771 600 903 666 gerit
934 598 1190 662 Ecclesia,
1220 613 1335 665 quae
1374 598 1425 651 in
1452 597 1611 650 initiis
1643 605 1798 650 voto-
1828 604 1874 656 Α
1905 607 2152 651 aeternam
2175 596 2289 665 ejus
2309 597 2636 649 esistentiam
2665 596 2902 662 designat
2926 637 2941 660 ,
2965 613 3032 664 qu
3052 613 3166 651 una
3190 608 3439 654 creatura

265 707 382 745 rum
408 704 642 754 suorum,
674 691 727 743 in
776 689 1118 758 prolectibus,
1143 700 1196 742 et
1222 689 1275 744 itt
1304 690 1413 758 ipsa
1439 688 1806 757 complexione

269 779 488 833 Domino
515 777 810 846 supplicare
838 792 941 831 non
982 776 1209 831 desistit.

852 922 1074 979 CAPUT
1125 923 1208 978 iV.

266 1042 414 1092 Anna
458 1052 569 1090 cum
607 1037 816 1104 conjuge
866 1037 917 1087 in
947 1033 1258 1106 tabernaculo
1305 1036 1525 1089 adorans
1565 1036 1806 1106 hymnum

680 1103 956 1173 gratiarum
1000 1104 1117 1154 dict
1155 1103 1387 1157 Domino.
1483 1151 1489 1176 ρ

336 1215 619 1269 Easultarit
641 1230 724 1268 cor
753 1229 914 1266 meum
929 1217 980 1266 in
1013 1213 1244 1281 Domino,
1276 1225 1379 1269 etc.
1405 1217 1609 1271 Sterilis
1639 1234 1807 1286 quon-

261 1304 408 1368 dam,
437 1319 574 1357 nunc
599 1303 815 1358 fecunda
849 1304 900 1356 in
932 1303 1023 1358 Dei
1072 1303 1226 1358 laude
1258 1306 1490 1373 gaudens
1543 1307 1802 1372 Ecclesia,

262 1395 334 1448 de
372 1396 664 1448 mutatione
710 1393 910 1448 \‘eteris
938 1393 1259 1446 'l‘estamenti
1315 1394 1394 1448 vel
1434 1395 1714 1450 sacerdotii
1753 1398 1803 1452 in

263 1487 490 1551 Novum,
521 1500 623 1554 quo
654 1493 706 1538 et
737 1485 845 1553 ipsa
875 1493 1176 1537 consecrata
1204 1493 1306 1548 est,
1333 1486 1647 1554 triumphale
1682 1471 1804 1541 car-

265 1593 388 1632 snen
417 1577 648 1631 insonat.
682 1575 784 1632 Sed
815 1576 1152 1644 qna-randum
1195 1575 1345 1645 juxta
1396 1578 1644 1643 litteram,
1679 1595 1807 1649 quo-

264 1664 425 1719 modo
447 1663 559 1718 llaec
589 1665 734 1717 Anna
761 1678 919 1717 orans
946 1663 1145 1716 dixisse
1199 1678 1539 1734 memoratur,
1577 1682 1696 1720 cmn
1754 1669 1805 1721 in

263 1767 379 1814 toto
405 1771 501 1810 suo
521 1756 753 1810 carmine
776 1757 846 1810 nil
873 1755 1079 1824 penitus
1106 1771 1307 1820 orasse,
1337 1757 1428 1813 sed
1460 1775 1523 1812 ne
1553 1760 1618 1813 ad
1643 1762 1804 1816 Deum

262 1848 477 1914 quidem
506 1849 661 1902 verba
685 1847 898 1916 fecisse,
960 1847 1060 1900 nisi
1116 1847 1166 1900 in
1215 1848 1435 1918 duobus
1473 1852 1806 1906 solummodo

1907 686 2182 754 fragilitate
2211 687 2536 754 distinguens
2584 684 2856 738 Psalmista
2898 703 2914 740 :
2948 684 3201 751 blutubis,
3254 690 3440 758 inquit,

1903 792 1981 838 ca,
2002 785 2047 828 et
2075 776 2431 840 mutabuntur;
2476 787 2528 827 tu
2572 765 2738 828 autem
2781 776 2915 829 illam
2959 776 3065 845 ipse
3113 793 3185 841 es,
3234 788 3280 832 et
3320 783 3443 834 ataui

1903 865 1976 917 tui
2002 881 2102 918 non
2127 865 2356 929 deﬁcient
2383 864 2548 934 (Psal.
2579 866 2744 933 cvm).

1978 953 2148 1008 Nolite
2173 956 2505 1024 multiplicare
2549 957 2685 1024 loqui
2734 957 2968 1010 sublimia
3006 959 3296 1028 gloriantes,
3328 973 3434 1018 etc.

1902 1043 2096 1101 Judt'ris
2141 1053 2195 1098 et
2248 1045 2491 1112 gentibus
2534 1045 2767 1100 dicitur:
2797 1045 3035 1101 Sufficiat
3082 1051 3331 1106 hactenus
3373 1055 3439 1108 de

1907 1145 2079 1188 vestra
2110 1134 2256 1202 quasi
2294 1134 2544 1202 singulari
2575 1135 2738 1204 gloria
2768 1137 3090 1205 superbisse,
3130 1140 3237 1207 jam
3283 1143 3440 1198 modo

1905 1233 2208 1279 transcenso
2239 1239 2330 1292 per
2353 1225 2570 1293 gratiam
2601 1225 2729 1294 legis
2751 1225 2944 1295 littera,
2973 1232 3185 1286 calcatis
3211 1232 3440 1302 Evange-

1907 1314 1960 1367 lii
2032 1317 2252 1369 veritate
2303 1315 2607 1382 gentilitatis
2643 1319 2911 1374 erroribus
2940 1358 2955 1382 ,
2997 1321 3195 1376 Novum
3250 1323 3441 1380 Christi

1903 1405 2301 1460 Testamentum
2331 1406 2488 1460 simul
2514 1407 2656 1472 fidei.
2701 1417 2757 1462 et
2807 1412 3112 1466 mandatum
3147 1415 3446 1471 dilectionis

1904 1497 2060 1550 ambo
2085 1499 2352 1565 suscipite.
2387 1497 2493 1553 Sed
2526 1506 2580 1552 et
2610 1499 2760 1553 nobis
2805 1501 3088 1567 imperatur
3112 1503 3250 1570 loqui
3281 1507 3446 1558 subli-

1904 1587 2031 1652 mia,
2058 1587 2150 1642 sed
2182 1603 2286 1640 non
2316 1588 2667 1654 multiplicare
2696 1591 2834 1660 loqui
2863 1593 3102 1647 sublimia
3133 1594 3443 1663 gloriantes;

1906 1677 2004 1730 hoc
2024 1686 2122 1739 est.
2147 1693 2260 1746 qua
2285 1694 2483 1730 sursum
2511 1695 2686 1746 sapere
2705 1689 2750 1732 et
2772 1696 3013 1750 quaerere,
3033 1698 3132 1736 non
3161 1700 3273 1751 qua:
3301 1702 3444 1755 super

1906 1776 2120 1831 terram;
2145 1783 2313 1819 verum
2338 1785 2434 1820 non
2469 1768 2581 1833 plus
2629 1785 2807 1837 sapere
2835 1787 2984 1837 quam
3023 1781 3214 1839 oportet
3233 1790 3410 1842 sapere
3431 1813 3447 1837 ,

1904 1859 1992 1908 sed
2040 1872 2216 1922 sapere
2262 1856 2331 1908 ad
2383 1856 2698 1910 sobrietatem
2748 1857 2962 1928 (Coloss.
3016 1875 3118 1925 tu;
3152 1860 3294 1916 Rom.
3330 1867 3449 1931 stt).

264 1941 417 2005 locis,
450 1941 550 1992 hoc
576 1951 656 1992 est
687 1956 700 1990 :
727 1936 854 2004 Quia
889 1937 1060 1989 lanata
1088 1950 1201 1990 smn
1253 1939 1301 1991 in
1329 1939 1545 1994 salutari
1579 1953 1699 2007 tuo;
1749 1953 1803 1997 et
1839 1938 1878 1993 ll
1914 1944 2210 1999 Gentilibus
2239 1945 2541 2013 praccipitur
2567 1947 2705 2014 loqui
2736 1949 3002 2012 sublimia,
3037 1951 3192 2004 unius
3224 1951 3312 2005 Dei
3342 1953 3449 2006 veri

271 2027 647 2094 iu'frazlieque
676 2028 814 2080 enim
863 2034 946 2080 est
971 2025 1105 2078 alius
1146 2038 1291 2081 extra
1348 2038 1430 2095 te,
1485 2039 1539 2084 et
1587 2045 1802 2098 caetera,

262 2120 510 2174 omnibus
541 2121 621 2174 vel
649 2118 885 2173 docendo
909 2117 985 2169 Vel
1011 2120 1389 2187 prophetando,
1414 2123 1496 2176 vel
1527 2123 1806 2198 Dominum

265 2209 545 2275 laudando,
578 2224 820 2277 promere
843 2209 1066 2264 videtur.
1090 2210 1591 2280 lnn-lligendumque
1606 2225 1805 2282 aperte,

265 2315 454 2353 utunes
483 2309 632 2354 actus
661 2299 796 2372 ejus,
828 2301 914 2368 qui
958 2301 1008 2354 in
1047 2301 1222 2354 divino
1255 2311 1492 2356 versatur
1518 2305 1712 2369 officio,
1757 2316 1807 2361 et

263 2389 442 2444 omnia
467 2397 613 2459 gesta
640 2389 720 2444 vel
741 2388 877 2443 dicta
930 2390 1214 2442 secundum
1261 2389 1422 2444 Deum
1467 2393 1602 2459 gerit
1639 2409 1703 2447 ac
1731 2395 1810 2448 di-

263 2483 363 2548 cit,
391 2482 749 2549 adorationem
783 2495 902 2535 esse
941 2480 1251 2549 reputando.
1299 2481 1354 2536 Si
1382 2483 1521 2535 enim
1552 2482 1650 2536 hoc
1687 2498 1807 2536 ora-

269 2575 346 2627 tio
384 2574 551 2627 solum
594 2572 936 2641 intelligatur,
988 2573 1126 2641 quod
1176 2574 1526 2626 communiter
1577 2575 1805 2638 scimus;

269 2653 442 2731 neque
477 2663 624 2717 Anna
658 2663 741 2716 his
772 2662 943 2717 verbis
965 2676 1144 2716 orasse
1175 2663 1454 2729 videbitur,
1479 2679 1650 2733 neque
1677 2665 1812 2719 ullus

267 2753 548 2822 iustarum,
586 2753 876 2808 secundum
916 2755 1150 2821 Aposmli
1203 2755 1522 2823 mandatum,
1570 2758 1686 2812 sine
1733 2758 1812 2811 in-

268 2842 601 2896 termissione
639 2841 830 2898 orabit.
864 2841 921 2897 Si
952 2857 1076 2898 vero
1114 2859 1297 2899 omnes
1322 2855 1470 2900 actus
1502 2847 1616 2915 ejus
1654 2848 1810 2917 justi,

269 2934 359 3003 qui
386 2933 672 2988 secundum
697 2932 863 2987 Deum
892 2933 1040 2998 vivit,
1084 2934 1350 2988 orationes
1389 2935 1658 3002 putantur,
1691 2938 1812 3004 quia

271 3026 440 3090 Iustus
470 3023 585 3078 sine
635 3022 1024 3078 intermi:sione
1053 3039 1168 3092 qua:
1208 3023 1346 3090 justa
1375 3033 1499 3078 sunt
1523 3029 1629 3094 agit
1656 3043 1670 3091 ;
1723 3040 1816 3094 per

274 3113 508 3167 hocsine
530 3112 918 3166 intermissione
962 3126 1078 3178 quae
1112 3113 1282 3178 justus
1331 3114 1526 3176 orabit,
1576 3129 1672 3166 nec
1721 3129 1816 3168 un-

271 3218 429 3270 quam
459 3202 523 3256 ab
545 3203 783 3257 oratione
804 3203 1050 3266 cessabit,
1091 3203 1143 3256 ni
1175 3204 1187 3255 i
1214 3206 1385 3270 justus
1414 3217 1534 3257 esse
1561 3203 1810 3268 desistat;

273 3296 395 3349 ideo
417 3275 553 3363 quod
576 3303 740 3347 mater
767 3293 1025 3348 Samuelis
1055 3309 1156 3347 non
1187 3293 1378 3347 frustra
1431 3294 1481 3347 in
1531 3294 1611 3348 bis
1656 3295 1811 3349 etiam

273 3399 392 3453 qtue
422 3384 723 3438 hominibus
747 3392 885 3437 recte
908 3384 1158 3453 loquitur,
1207 3383 1457 3439 adorasse
1489 3387 1813 3452 perhibetur.

272 3475 458 3528 Cantet
513 3473 669 3544 igitur
712 3488 802 3528 ore
849 3473 1070 3528 dilatato
1116 3475 1229 3528 laeta
1279 3483 1464 3536 mater,
1506 3489 1623 3543 qua:
1675 3477 1818 3544 prius

273 3578 460 3618 amaro
480 3564 654 3618 animo
683 3564 988 3632 loquebatur
1029 3566 1078 3617 in
1106 3565 1265 3618 corde
1303 3581 1434 3629 suo;
1491 3575 1542 3618 et
1571 3565 1694 3619 dum
1724 3583 1818 3622 sua

275 3655 549 3722 prasentia
583 3662 777 3718 narrat,
811 3652 981 3707 futura
1014 3653 1171 3708 tutius
1197 3654 1444 3709 Ecclesiae
1475 3657 1659 3725 gaudia
1683 3672 1819 3725 pra:-

276 3751 475 3795 narret.

349 3827 633 3882 Exsultat'it
661 3843 747 3881 cor
788 3844 948 3880 meum
1003 3829 1054 3880 in
1089 3827 1322 3894 Domino,
1379 3839 1482 3883 etc.
1545 3816 1679 3884 Vere
1725 3846 1820 3886 cor

272 3922 563 3985 exsultans,
589 3935 710 3974 vere
737 3935 901 3974 cornu
928 3920 1074 3989 regni
1105 3922 1392 3989 Spiritualis
1420 3921 1575 3976 habet
1605 3925 1813 3978 exalta-

275 4022 406 4076 tutn,
440 4025 554 4076 qua:
585 4024 684 4062 non
716 4009 766 4063 in
807 4024 863 4063 sc
911 4009 1040 4078 ipsa,
1091 4026 1192 4064 non
1245 4013 1297 4064 in
1329 4013 1484 4065 rebus
1514 4013 1725 4067 caducis
1766 4025 1821 4070 et

275 4102 567 4172 fragilibus,
582 4100 672 4155 sed
689 4100 942 4169 gloriatur
961 4101 1010 4155 in
1030 4100 1254 4155 Domino
1270 4102 1374 4158 Deo
1389 4118 1483 4157 suo
1500 4120 1513 4168 ;
1532 4104 1686 4170 juxta
1701 4122 1817 4160 eum

275 4194 365 4265 qui
394 4193 520 4248 dicit
546 4212 556 4245 :
584 4192 830 4259 Gaudete,
846 4194 994 4260 justi,
1025 4195 1078 4246 in
1106 4193 1336 4258 Domino,
1367 4204 1410 4248 et
1437 4196 1605 4248 omnia
1631 4212 1821 4252 cornua

275 4296 590 4357 peccatorum
619 4285 956 4355 confringant,
991 4296 1038 4340 et
1080 4286 1434 4340 excitabuntur
1467 4304 1656 4342 cornua
1689 4292 1821 4359 justi

275 4377 446 4450 (Psal.
483 4379 681 4448 uxtv).
713 4379 825 4433 Non
855 4379 948 4446 ait,
981 4379 1097 4449 Ipse
1119 4381 1434 4450 confringet,
1486 4383 1598 4450 ipse
1620 4381 1821 4436 exalta-

275 4473 386 4534 vit;
411 4470 523 4533 sed,
556 4471 662 4537 Ego
692 4468 1039 4537 confringant,
1072 4480 1124 4524 et
1152 4471 1228 4524 sic
1257 4473 1644 4525 exaltabuntur.

356 4559 631 4614 Dilatatum
659 4567 729 4612 est
759 4575 811 4612 os
841 4573 1002 4611 meum
1032 4575 1182 4625 super
1226 4561 1458 4612 inimicos
1488 4548 1657 4623 meos,
1713 4569 1816 4613 etc.

280 4653 415 4705 Dum
442 4649 686 4703 dilatatur
714 4662 805 4701 cor
834 4662 1004 4700 meum
1030 4648 1094 4700 ad
1123 4649 1489 4702 exsultanduut
1515 4650 1566 4701 in
1587 4648 1735 4716 Jesu,
1767 4647 1818 4703 id

277 4749 384 4802 est,
415 4741 465 4793 in
489 4739 698 4793 salutari
732 4747 841 4805 tuo,
872 4737 1116 4791 dilatatur
1137 4748 1189 4792 et
1215 4753 1274 4794 os
1301 4755 1472 4792 meum
1517 4754 1674 4808 super
1705 4755 1821 4793 om-

281 4843 380 4885 nes
397 4827 516 4882 fidei
541 4837 593 4880 et
621 4827 852 4880 veritatis
875 4827 1133 4891 inimicos,
1160 4827 1223 4878 ad
1251 4829 1604 4883 confitendum
1635 4828 1824 4896 przedi-

280 4923 613 4992 cladumque
637 4935 825 4975 nomen
856 4920 998 4988 ejus;
1025 4921 1143 4988 quia
1174 4929 1226 4974 et
1254 4921 1304 4975 iu
1336 4923 1589 4990 angustiis
1613 4937 1822 4990 pressu-

283 5031 458 5070 rarum
481 5027 656 5070 sermo
678 5021 797 5068 tuus
817 5026 920 5066 non
948 5021 1028 5065 est
1056 5011 1319 5081 alligatus,
1354 5028 1452 5069 nec
1484 5015 1534 5068 in
1564 5013 1820 5083 prxconi-

285 5108 383 5161 bus
405 5105 663 5175 alligatus.

361 5193 467 5250 Nec
492 5207 563 5248 est
591 5203 790 5248 sanctus
818 5201 868 5246 ut
893 5200 961 5246 est
994 5190 1272 5258 Dominus,
1325 5203 1428 5248 etc.
1458 5194 1677 5248 Sanctus
1706 5192 1821 5262 qui-

284 5284 404 5339 dem
434 5298 495 5338 ac
519 5281 685 5339 fortes
711 5295 761 5338 et
785 5283 993 5353 angulos
1045 5280 1290 5348 legimus,
1321 5290 1376 5335 et
1405 5282 1678 5348 homines;
1728 5282 1821 5337 sed

243 5363 250 5367 ’
286 5383 749 5443 quantumcunque
778 5375 828 5430 in
855 5372 1128 5428 sanctitate
1153 5373 1406 5440 proficiat,
1439 5374 1822 5442 quantumlibet

288 5461 626 5532 perfectionis
655 5467 912 5532 acquirat,
943 5464 1010 5516 ita
1040 5471 1217 5514 sancta
1243 5461 1498 5531 fortisque
1525 5480 1627 5517 non
1649 5472 1823 5529 pote-st

284 5569 408 5610 esse
453 5561 691 5608 creatura
745 5546 1040 5611 titCreator
1067 5569 1080 5616 ;
1111 5553 1227 5620 quia
1284 5553 1372 5605 ille
1418 5551 1740 5607 fortitudinis
1769 5561 1822 5607 et

285 5643 582 5700 sanctitatis
611 5643 824 5712 largitor
872 5654 972 5708 est,
1021 5643 1118 5696 ista
1173 5642 1488 5707 susceptris.
1521 5643 1669 5706 Quod
1700 5659 1822 5698 vero

286 5737 384 5798 ait,
415 5732 593 5800 Neque
619 5732 761 5786 enim
812 5734 1052 5788 estalius
1097 5742 1244 5786 extra
1296 5739 1364 5789 te,
1414 5739 1468 5781 ct
1496 5746 1597 5784 nou
1654 5731 1820 5796 addit,

285 5821 526 5879 Creator.
554 5820 637 5876 vel
667 5819 940 5884 Dominus,
991 5817 1072 5873 vel
1101 5813 1294 5884 aliquid
1325 5813 1457 5876 tale;
1492 5814 1824 5884 singulariter

1907 2035 2155 2100 mysteria
2195 2034 2548 2101 praulicando,
2595 2044 2650 2088 et
2705 2051 2829 2089 nou.
2863 2038 3210 2108 multiplicare
3247 2041 3451 2108 eloquia

1904 2123 2170 2185 sublimia,
2205 2138 2299 2189 per
2327 2125 2487 2176 multa
2515 2123 2858 2191 deceptorum
2889 2127 3100 2179 nomina
3131 2131 3377 2183 errando.

1977 2213 2223 2275 Quoniam
2263 2212 2395 2265 Deus
2433 2213 2753 2266 scientiarum
2785 2214 3027 2269 Dominus
3065 2226 3156 2279 est,
3197 2229 3297 2272 etc.
3331 2219 3452 2274 Ideo

1907 2313 1999 2352 vos
2031 2312 2244 2352 necesse
2272 2309 2353 2352 est
2397 2299 2584 2353 altiora
2614 2299 2762 2354 vobis
2809 2317 2914 2355 non
2961 2319 3218 2371 quaerere.
3268 2318 3321 2359 et
3350 2309 3452 2359 ior-

1908 2392 2038 2444 tiora
2072 2391 2218 2445 vobis
2246 2405 2348 2445 non
2376 2391 2597 2445 scrutari
2623 2391 2916 2462 (Eccle.ttt)
2939 2410 2952 2458 ;
2975 2397 3224 2464 quoniam
3253 2397 3365 2451 fons
3391 2413 3453 2452 ac

1909 2480 2185 2534 thesaurus
2211 2479 2483 2546 sapientia:
2507 2490 2560 2536 et
2579 2483 2836 2546 scicntia,
2867 2485 2953 2552 qui
2984 2485 3142 2538 docet
3184 2488 3452 2541 hominem

1907 2571 2178 2622 scientiam
2206 2587 2216 2620 :
2249 2568 2493 2622 Dominus
2521 2572 2654 2622 norit
2675 2573 2999 2641 cogitationes
3023 2574 3298 2642 hominum,
3326 2594 3453 2641 quo-

1910 2663 2043 2714 niam
2069 2675 2209 2714 vame
2238 2671 2354 2712 sunt
2385 2658 2555 2727 (Psal.
2582 2662 2752 2729 xcm).

1979 2751 2139 2804 Arcus
2169 2753 2372 2822 fortium
2399 2764 2659 2824 superatus
2697 2765 2789 2820 est,
2819 2766 2921 2812 etc.
2955 2755 3180 2811 Intentio
3228 2759 3455 2827 superba

1881 2838 2233 2906 ,Jutlzcorum,
2284 2857 2382 2911 qua
2421 2858 2633 2910 semper
2680 2858 2838 2911 opera
2884 2845 3013 2913 legis
3062 2847 3254 2901 salvari
3305 2864 3459 2917 posse

1914 2929 2319 2996 praesumebant,
2344 2931 2566 2996 defecit;
2592 2935 2901 2987 exercitium
2925 2937 3052 2989 artis
3073 2937 3377 3004 dialecticze,
3401 2948 3456 2995 et

1907 3022 2060 3093 quasi
2081 3021 2506 3081 circutnﬂcxa,ad
2529 3022 2870 3078 deridendam
2896 3025 3014 3079 ﬁdei
3042 3028 3452 3092 simplicitatem,

1919 3109 2259 3177 philosophi-aa
2280 3110 2549 3166 smcularis
2572 3111 2854 3178 loquacitas
2874 3124 3116 3167 enervata
3137 3125 3216 3167 est
3236 3131 3250 3178 ;
3275 3130 3459 3172 cuncta

1919 3207 2186 3265 postremo
2212 3197 2558 3265 malignorum
2598 3200 2875 3264 Spirituum
2917 3203 3088 3269 jacula
3119 3202 3299 3272 ignita,
3329 3205 3464 3260 iuvi-

1920 3301 2017 3344 ctae
2043 3291 2277 3345 veritatis
2321 3299 2444 3344 sunt
2472 3293 2634 3346 armis
2679 3293 2895 3359 obtusa;
2922 3296 3041 3364 quia
3085 3302 3239 3352 stulta
3288 3302 3463 3353 mundi

1920 3382 1967 3436 el
1997 3383 2064 3452 git
2093 3382 2245 3446 Deus,
2277 3392 2330 3434 ut
2353 3382 2623 3449 confundat
2640 3385 2941 3452 rsupientes,’
2965 3395 3011 3437 et
3059 3387 3261 3455 inﬁrma
3290 3391 3464 3442 mundi

1917 3474 2061 3540 elegit
2084 3471 2244 3534 Deus,
2276 3482 2327 3524 ut
2349 3473 2621 3536 confundat
2643 3474 2850 3538 fortiora
2871 3471 2924 3540 (1
2948 3474 3062 3526 Cor.
3103 3475 3183 3544 ιι).

1990 3565 2185 3632 llepleti
2215 3564 2354 3632 prius
2374 3578 2466 3629 pro
2495 3563 2706 3630 panibus
2740 3577 2791 3615 se
2814 3563 3124 3626 locaverunt,
3168 3575 3270 3619 etc.
3297 3566 3462 3622 Judaei

1923 3653 2065 3721 prius
2107 3654 2493 3719 Scripturarum
2527 3665 2658 3717 pane
2691 3652 2805 3704 vivo
2835 3652 3037 3716 refecti,
3071 3669 3210 3708 nunc
3237 3655 3302 3708 ad
3333 3672 3460 3711 cun-

1921 3745 2114 3797 viviutn
2163 3743 2282 3796 boni
2340 3742 2520 3809 patris,
2564 3741 2650 3810 qui
2699 3743 2946 3797 reducem
2994 3745 3155 3799 lilium
3196 3746 3460 3815 junioretu

1917 3846 2062 3903 grate
2091 3837 2344 3904 suscepit,
2376 3836 2510 3888 intra
2538 3850 2596 3889 se
2618 3835 3029 3903 dissimulantes,
3055 3838 3192 3892 inter
3213 3839 3460 3908 spiritua-

1922 3929 1996 3982 les
2025 3928 2262 3983 ecclesia:
2290 3927 2450 3993 dapes
2480 3933 2656 3995 egent,
2684 3933 2738 3980 et
2755 3928 2986 3994 hospites
3014 3929 3275 3996 quondam
3304 3940 3464 3982 testa-

1922 4031 2243 4082 tncntorum,
2275 4030 2412 4072 nunc
2455 4025 2723 4086 gustautes
2760 4015 2955 4083 vident,
2999 4016 3244 4084 quoniam
3288 4018 3466 4074 suavis

1922 4118 2002 4163 est
2030 4107 2301 4161 Dominus.

1995 4198 2165 4252 Donec
2187 4198 2374 4250 sterilis
2396 4198 2582 4273 peperit
2603 4197 2865 4264 plurimos,
2895 4205 2997 4250 etc.
3024 4196 3200 4252 Esaias
3213 4199 3464 4273 exponit,

1920 4292 2039 4358 quia
2065 4288 2205 4341 multi
2225 4288 2319 4354 ﬁlii
2350 4268 2576 4350 deserta,
2609 4286 2766 4355 magis
2811 4301 2958 4352 quam
2993 4288 3102 4353 ejus
3125 4265 3234 4353 qud:
3257 4287 3467 4341 habebat

1919 4379 2078 4432 virum
2108 4375 2238 4447 (Isai
2263 4378 2388 4446 ιιι).
2424 4375 2764 4445 Septuaginta
2797 4374 3112 4443 lnterpretes
3155 4386 3462 4444 posuerunt,

1921 4466 2050 4534 Quia
2093 4467 2284 4520 sterilis
2315 4466 2520 4536 peperit
2561 4474 2788 4530 septem.
2827 4463 2965 4519 Saba
3011 4466 3200 4546 quippe
3250 4465 3464 4520 verbum

1852 4589 1901 4649 Β
1928 4560 2224 4623 Ιιυιιι-ωιιιιι,
2275 4568 2327 4612 et
2358 4569 2559 4626 septem
2600 4556 2865 4626 designat,
2890 4565 2944 4610 et
2976 4557 3249 4625 plurimos.
3279 4557 3380 4612 Sed
3411 4569 3467 4614 et

1928 4649 2067 4704 i'lius
2104 4649 2349 4702 editionis
2390 4661 2577 4701 sensus
2605 4647 2800 4712 elucot,
2839 4648 3238 4714 agnoscentibus
3278 4663 3463 4702 nume-

1928 4755 2045 4794 rum
2072 4740 2449 4807 septenarium,
2480 4752 2581 4806 quo
2602 4746 2682 4790 est
2722 4737 2970 4790 universa
2997 4735 3238 4789 ecclesiae
3261 4736 3462 4803 signifi-

1927 4837 2040 4882 cata
2075 4827 2348 4896 perfectio.
2396 4827 2615 4892 Propter
2660 4824 2797 4892 quod
2822 4833 2877 4878 et
2928 4824 3154 4876 Joannes
3197 4824 3462 4890 apostolus

1928 4922 1994 4975 ad
2022 4931 2220 4989 septem
2243 4921 2428 4975 scribit
2449 4918 2706 4972 Ecclesias
2733 4916 2913 4986 (Apoc.
2946 4915 3004 4984 t),
3035 4930 3100 4969 eo
3123 4916 3278 4971 modo
3297 4930 3356 4972 se
3378 4931 3464 4972 os-

1931 5014 2150 5068 tendens
2163 5014 2228 5066 ad
2255 5013 2408 5068 unius
2424 5009 2796 5082 plenitudinem
2817 5010 3079 5073 scribere;
3106 5019 3161 5064 et
3177 5012 3226 5064 in
3247 5011 3465 5067 Provero

1925 5101 2020 5156 biis
2044 5100 2336 5155 Salomonis
2358 5100 2455 5152 hoc
2482 5105 2636 5151 antea
2659 5098 2995 5166 praefigurans
3018 5113 3032 5151 :
3053 5097 3316 5167 Sapientia
3341 5100 3466 5153 tedi-

1925 5194 2088 5261 ﬁcavit
2116 5192 2210 5246 sibi
2230 5191 2453 5253 domum,
2474 5190 2657 5243 excidit
2677 5191 2936 5243 columnas
2960 5201 3142 5255 septem
3166 5189 3344 5256 (Prov.
3367 5191 3462 5257 Ix).

1994 5281 2238 5335 Dominus
2263 5279 2548 5347 mortiﬁcat,
2576 5286 2620 5330 et
2650 5279 2884 5345 viviﬁcat,
2907 5288 3008 5330 etc.
3034 5276 3305 5330 biortilicat
3331 5275 3462 5343 Syn-

1927 5387 2162 5442 agogam,
2201 5369 2427 5423 vivificat
2471 5368 2787 5432 Ecclesiam;
2848 5369 2927 5422 vel
2975 5366 3188 5420 eosdem
3237 5366 3465 5420 vivificut

1927 5476 2058 5527 quos
2098 5457 2412 5520 mortificat;
2444 5464 2496 5507 ut
2525 5456 2882 5510 existimemus.
2905 5470 2992 5506 nos
3016 5466 3234 5506 mortuos
3267 5455 3465 5520 quidem

1928 5557 2030 5594 esse
2081 5547 2298 5607 peccato,
2363 5543 2570 5588 viventes
2619 5545 2780 5586 autem
2827 5532 2933 5586 Deo
2982 5533 3031 5584 in
3076 5532 3275 5586 Christo
3322 5531 3463 5587 Jesu.

1931 5631 2140 5701 (Epties.
2174 5628 2255 5694 ιι).
2278 5625 2368 5680 Vel
2391 5635 2532 5678 certe
2554 5623 2700 5690 juxta
2727 5622 2848 5676 illud
2877 5621 3297 5703 intelligendum,
3327 5624 3463 5688 quod

1930 5722 2003 5777 ait
2028 5719 2309 5789 Apostolus
2340 5734 2352 5768 :
2388 5717 2593 5782 Sentper
2623 5717 2752 5767 enim
2780 5733 2866 5771 nos
2889 5715 2969 5785 qui
3002 5715 3224 5777 vivimus,
3253 5715 3303 5766 in
3334 5731 3463 5767 mor-

1931 5823 2027 5868 tem
2053 5809 2297 5864 tradimur
2327 5813 2522 5874 propter
2550 5805 2745 5871 Jcsum,
2776 5817 2828 5861 ut
2851 5816 2896 5861 et
2942 5809 3038 5860 vita
3076 5803 3196 5859 hau
3235 5805 3458 5871 magni/iv

3624 5378 3727 5394 τ’...
