3898 6260
537 365 636 422 bll

1035 359 1236 415 BEB'A'Z
1279 359 1724 416 VENEBABILIS
1761 293 2038 414 UPElilill

2182 357 2256 414 RS
2295 358 2358 413 ll.
2399 389 2469 401 —
2509 361 2890 419 EXEGETICA
2933 363 3247 421 CENUINA.

3685 365 3773 417 ΞΗ

542 485 678 529 aetnr
702 474 753 524 in
784 487 933 526 carne
965 447 1135 526 mitra
1169 480 1367 525 mortali
1389 469 1444 536 (1
1450 470 1470 524 l
1493 468 1610 526 Cor.
1642 469 1736 539 tv).
1767 469 1872 526 Sed
1897 469 2087 524 melius
2112 470 2161 529 Δ
2188 471 2531 538 gaudeamus.
2582 473 2688 528 Sed
2736 482 2792 528 et
2841 473 2995 528 hodie
3052 473 3309 527 Dominus
3354 473 3429 526 ad
3461 472 3774 526 struendam

536 572 590 616 et
615 562 726 616 sine
754 560 854 624 ulla
881 561 1241 614 COIIU’OVCI‘aiI
1270 558 1337 612 de
1374 559 1594 612 Domino
1625 557 1854 613 fatemur
1898 557 2091 624 imple-

538 660 678 718 tum;
700 651 787 718 qui
820 657 1062 704 mortuus
1093 648 1302 712 revixit,
1329 647 1656 707 descendens
1681 647 1748 701 ad
1781 647 1983 735 inferna
2008 661 2092 701 re-

535 740 781 794 surrexit.

605 827 852 882 Dominus
887 843 1156 898 pauperem
1186 827 1305 895 facit
1334 836 1381 878 et
1419 826 1566 888 ditat,
1585 833 1690 880 etc‘.
1718 824 1862 892 Quos
1878 823 1930 878 in
1959 838 2092 892 pra-

531 921 668 975 senti
706 932 964 985 pauperes
993 926 1046 970 et
1087 916 1312 970 humiles
1341 917 1528 984 spiritu
1579 924 1792 984 propter
1823 930 1883 970 se
1936 913 2084 978 facit,

537 1008 754 1060 eosdem
773 1007 826 1061 in
849 1007 1023 1061 futuro
1053 1006 1184 1059 ditat
1213 1008 1262 1059 in
1291 1021 1370 1070 se,
1397 1014 1451 1059 et
1470 997 1729 1060 sublevat.

603 1097 828 1152 Suscitet
869 1097 931 1151 de
960 1096 1160 1166 puluere
1180 1111 1410 1166 egenum,
1459 1105 1563 1149 etc.
1604 1095 1836 1150 Suscitat
1885 1109 1915 1147 a
1943 1109 2088 1148 mor-

541 1185 645 1239 tuis
663 1185 956 1249 Christum,
991 1201 1056 1241 ne
1085 1200 1209 1240 caro
1231 1184 1346 1254 ejus
1372 1185 1547 1239 videat
1571 1185 1964 1252 corruptionem
1990 1201 2004 1249 ;
2035 1192 2090 1239 et

533 1273 706 1327 elevat
731 1273 796 1326 ad
825 1274 1013 1339 caelos,
1047 1289 1112 1328 ne
1151 1283 1433 1339 superetur
1455 1287 1483 1325 a
1513 1270 1708 1325 indeuia
1741 1273 2088 1340 persecutori-

536 1363 671 1424 bus,
727 1375 952 1428 quorum
1001 1359 1310 1414 traditiones
1360 1360 1644 1427 Apostolus
1692 1360 1980 1414 arbitratur
2031 1360 2101 1416 ut

529 1459 760 1502 stercora
793 1449 1006 1517 (Coless.
1039 1451 1141 1515 ιιι).
1181 1445 1301 1518 Ipse
1342 1463 1557 1518 namque
1589 1464 1798 1518 egenus,
1835 1449 1942 1518 ipse
1961 1465 2086 1516 pau-

529 1553 621 1605 per
647 1537 808 1605 factus
835 1545 907 1590 est
945 1552 1037 1604 pro
1066 1536 1228 1602 nobis,
1277 1545 1333 1589 ut
1379 1551 1468 1590 nos
1513 1538 1624 1607 ejus
1668 1536 1845 1604 inopia
1896 1541 2088 1591 ditare-

529 1642 641 1678 nntr
674 1624 759 1695 (11
786 1622 908 1682 Cor.
940 1626 1077 1696 rut).

602 1715 669 1771 Ut
694 1719 864 1772 sedeat
891 1735 1006 1772 cunt
1033 1720 1484 1789 principibus,etc.
1511 1719 1660 1775 Hunc
1687 1734 1898 1776 versum
1922 1735 2084 1789 expo-

2192 571 2472 626 prarorum
2537 560 2965 626 contumaciam,
3028 559 3096 616 de
3155 561 3320 616 celsis
3377 560 3774 626 luminosiqu
3841 559 3865 626 ,ξ

2192 647 2482 716 Scriptura:
2504 661 2703 705 sancta:
2731 652 2958 722 paginis,
2982 665 3114 722 quos
3128 652 3360 721 Spiritus
3386 651 3519 722 ejus
3545 653 3771 715 ornavit,

2191 737 2427 795 iutonat.‘

2261 829 2506 900 Dominus
2518 835 2771 905 jndicubit
2787 835 2916 903 ﬁnes
2935 843 3104 890 terra.
3125 835 3340 891 Certum
3363 845 3454 890 est
3477 834 3768 890 Domi-ma

2190 937 2294 976 non
2321 925 2490 979 solum
2519 926 2649 980 lines
2675 935 2850 992 terra,
2881 912 2975 979 sed
3017 927 3176 981 etiam
3212 925 3665 980 mediterraneas
3698 941 3768 979 re-

2189 1011 2372 1081 giones
2397 1012 2660 1084 judicare.
2695 1015 2784 1072 Sic
2807 1029 2937 1085 ergo
2964 1013 3165 1068 dictum
3194 1023 3276 1069 est
3298 1031 3314 1067 :
3345 1012 3633 1067 Judieabit
3653 1016 3767 1082 βω

2188 1111 2369 1168 terre;
2399 1117 2459 1157 ac
2495 1103 2542 1158 si
2588 1103 2874 1168 diceretur,
2905 1103 3077 1158 Etiam
3116 1103 3251 1160 lines
3282 1112 3480 1170 terra;
3510 1107 3646 1173 quia
3675 1122 3769 1157 lea

2187 1201 2262 1246 est
2297 1195 2386 1262 qui
2422 1209 2476 1248 se
2511 1195 2785 1250 abscondat
2820 1212 2853 1250 a
2879 1196 3048 1250 celare
3085 1197 3195 1268 ejus
3236 1195 3406 1266 (Paul.
3434 1196 3628 1265 amt).
3671 1197 3764 1251 Sed

2189 1284 2379 1338 melius
2423 1284 2735 1354 intelligitur
2778 1286 2908 1342 (lues
2939 1298 3115 1351 terra,
3163 1298 3399 1341 extrema
3457 1288 3546 1343 vel
3583 1287 3762 1341 unius-

2185 1371 2440 1441 cujusque
2471 1373 2701 1430 hominis
2732 1377 2812 1430 vel
2844 1377 3212 1431 totius‘mundi
3255 1386 3502 1444 tempora
3536 1375 3758 1442 dicere,

2186 1464 2306 1531 quia
2338 1465 2506 1531 qualis
2537 1466 2602 1522 de
2640 1480 2862 1536 corpore
2908 1469 3027 1538 quis
3071 1467 3281 1534 exierit,
3329 1469 3452 1523 talis
3501 1468 3758 1524 oﬂeretur
3863 1497 3865 1560 ὲ

2185 1551 2408 1608 districti
2429 1554 2625 1622 judicis
2652 1558 2903 1612 examini.

2259 1639 2328 1694 Et
2366 1643 2504 1696 dabit
2539 1646 2806 1716 imperium
2827 1649 2954 1719 ἰ’εεί
2971 1665 3086 1714 suo,
3113 1657 3215 1704 etc.
3249 1647 3379 1704 Post
3400 1650 3611 1705 ultima
3633 1665 3756 1706 exa-

2188 1730 2492 1787 niiuationis
2523 1732 2832 1804 discrimen,
2857 1752 3073 1807 regnum
3096 1737 3314 1803 Christi,
3339 1741 3484 1809 quod
3514 1739 3754 1795 inﬁdeles

531 1808 612 1860 nit
657 1808 789 1874 ipse,
832 1822 950 1862 cum
995 1809 1386 1864 sciscitantibus
1423 1817 1481 1864 s’e
1512 1812 1595 1864 uis
1640 1824 1774 1877 quos
1827 1825 2069 1878 paupere:

2188 1823 2346 1876 modo
2370 1823 2693 1894 despiciunt,
2723 1803 2942 1883 ostensa
2961 1828 3156 1884 divinae
3178 1803 3480 1899 majesiatis
3508 1846 3626 1886 sua
3647 1833 3754 1902 glo-

529 1898 751 1952 faciebat
779 1908 838 1953 ut
874 1899 1068 1954 ditaret
1093 1916 1107 1963 ;
1139 1900 1445 1954 humiliabat
1473 1901 1526 1954 in
1559 1900 1736 1966 terris,
1763 1909 1820 1955 ut
1843 1903 2084 1954 suhlcrao

526 1996 606 2042 ret
634 1990 684 2042 in
712 1989 896 2053 caelis;
945 1990 1071 2058 quid
1115 1991 1371 2044 mercedis
1405 1989 1632 2044 habituri
1687 2002 1870 2045 essent
1916 1992 1967 2044 in
2000 1993 2080 2046 fu-

527 2088 643 2130 turo
670 2095 684 2139 ;
717 2080 989 2146 respondit
1019 2096 1031 2131 :
1065 2077 1191 2132 Cum
1230 2081 1414 2133 sederit
1443 2077 1489 2131 Ρ
1493 2079 1608 2133 ilius
1647 2080 1865 2135 hominis
1892 2082 1943 2134 in
1971 2084 2085 2136 sede

473 2152 491 2164 ’
523 2165 800 2236 majestatis
827 2181 953 2230 stlte,
979 2166 1206 2219 sedebitis
1234 2175 1284 2218 et
1337 2183 1421 2219 vos
1452 2184 1606 2233 super
1635 2169 1775 2220 sedes
1796 2167 2080 2232 duodecim,

519 2255 802 2327 iudicantes
823 2254 1082 2306 duoderint
1103 2255 1258 2306 tribus
1281 2254 1447 2307 Israel
1468 2255 1677 2324 (Matth.
1704 2259 1831 2324 ιιι).
1851 2258 1910 2310 Et
1931 2258 2084 2311 Salu-

521 2362 642 2401 mon
667 2348 720 2403 in
745 2347 896 2402 laude
924 2345 1076 2402 fortis
1097 2346 1354 2406 mulieris.
1382 2348 1431 2400 id
1458 2356 1561 2413 est,
1593 2348 1862 2414 Ecclesiae,
1891 2353 1968 2405 vel
1991 2365 2081 2406 cu-

519 2435 704 2505 jusque
714 2437 899 2490 anima:
925 2438 1104 2492 electu:
1126 2452 1158 2493 :.
1177 2436 1225 2491 Ν
1233 2437 1336 2492 obil
1351 2453 1400 2503 s,
1424 2437 1607 2506 inquit,
1621 2439 1672 2490 in
1695 2441 1850 2508 portis
1865 2441 1938 2494 uir
1949 2443 2077 2512 ejus,

517 2525 720 2595 quando
739 2527 919 2579 sederit
944 2543 1056 2580 cum
1084 2531 1394 2583 senatoribus
1434 2539 1580 2584 teme
1602 2527 1868 2596 (f‘roverb.
1910 2537 2079 2600 xxxt).

590 2614 799 2669 Domini
819 2617 1084 2670 enimsunt
1111 2619 1341 2698 cardines
1393 2630 1562 2684 terrte,
1590 2628 1694 2672 etc.
1744 2616 1862 2674 Nm
1906 2620 2076 2675 solum

521 2705 876 2770 promontoria
905 2720 1166 2775 rupesque
1207 2709 1451 2775 praealtas
1474 2707 1538 2761 ad
1565 2707 1930 2765 defensionem
1963 2721 2071 2767 ter-

515 2792 628 2845 seni
693 2792 838 2848 orbis
905 2804 1087 2851 contra
1143 2797 1403 2851 terrorem
1456 2799 1690 2852 marium
1735 2801 2074 2869 tempestatis

513 2884 773 2951 Opposuit,
815 2899 995 2939 rerum
1049 2888 1215 2941 multo
1245 2889 1410 2954 magis
1447 2904 1541 2956 pro
1569 2891 1932 2946 conservando
1963 2891 2071 2946 Ec-

515 2973 692 3025 clesia:
722 2988 832 3027 suae
858 2983 1018 3042 statu,
1046 2990 1112 3030 ne
1146 2974 1282 3028 hanc
1323 2975 1426 3029 ulla
1470 2976 1690 3030 turbida:
1720 2981 2072 3045 persecutioni

517 3062 657 3117 unda
698 3063 970 3134 dejiceret,
1005 3066 1105 3120 lixa
1137 3065 1367 3120 fideliqu
1400 3081 1615 3121 suorum
1646 3083 1707 3122 ac
1738 3068 1888 3123 fortia
1912 3073 2074 3126 corda

514 3156 726 3212 locavit.
765 3159 994 3214 Eosdem
1019 3174 1144 3227 ergo
1183 3159 1425 3213 cardines
1467 3161 1648 3214 urbem
1681 3170 1834 3217 terra:
1859 3174 2074 3234 portan-
2101 3136 2146 3196 ϐ

513 3257 616 3312 trs,
663 3261 822 3316 supra
873 3249 1138 3316 principes
1178 3247 1230 3300 in
1281 3248 1485 3302 thronis
1531 3251 1779 3306 sedentes
1819 3255 2070 3321 appellat.

516 3336 583 3389 Et
612 3339 947 3406 recte;quia
1002 3346 1199 3405 quanto
1245 3353 1384 3393 nunc
1438 3339 1689 3394 humilius
1741 3350 1973 3412 portant,
2018 3353 2068 3398 ct

509 3428 797 3483 defendunt
827 3431 1123 3495 instantius,
1154 3438 1298 3483 tanto
1319 3441 1444 3486 tunc
1481 3431 1761 3487 sublimius
1787 3433 2069 3502 judieauti.

511 3519 705 3573 llorutn
743 3520 1016 3575 cardinum
1047 3521 1133 3589 qui
1156 3522 1356 3576 domini
1382 3523 1508 3589 sint,
1537 3534 1591 3578 et
1632 3541 1734 3579 non
1759 3542 1850 3580 sua
1880 3527 2071 3581 virtute

512 3610 695 3664 muniti
730 3651 745 3676 ,
775 3621 828 3666 et
854 3611 1039 3666 beatus
1070 3611 1168 3667 Job
1197 3616 1457 3680 meminit,
1489 3617 1670 3672 dicens
1701 3619 1769 3674 de
1798 3619 2058 3675 Domino:

508 3702 614 3758 Sub
655 3719 752 3771 quo
773 3713 1044 3757 curvantur
1067 3705 1152 3772 qui
1179 3715 1384 3772 portant
1411 3709 1600 3763 orbem.
1655 3709 1756 3773 Qui
1799 3723 1850 3764 ut
1886 3714 2071 3767 invali-

505 3795 684 3845 dorum
712 3793 911 3847 ualeant
933 3794 1145 3861 ﬁrmiter
1168 3811 1324 3849 onera
1349 3807 1649 3864 sustentare,
1677 3801 1875 3855 invicta
1911 3805 2061 3873 forti.-

504 3880 668 3932 tudini
696 3897 797 3933 non
821 3892 1016 3935 cessant
1042 3883 1257 3936 humilia
1284 3885 1414 3940 colla
1435 3886 1724 3942 submittere
1752 3888 1873 3959 (Job
1896 3892 1994 3962 ts).

579 3970 742 4024 Pedes
768 3983 1058 4025 sanctorum
1082 3989 1288 4027 suorum
1334 3981 1566 4046 servavit,
1607 3991 1714 4036 etc.
1743 3985 1903 4039 Actus
1935 3986 2054 4053 pio—

515 4057 632 4112 rum
659 4073 976 4130 sensusque,
995 4063 1189 4131 quibus
1209 4066 1273 4118 ad
1306 4067 1619 4147 perfectiora
1641 4073 1789 4139 quasi
1810 4075 2063 4144 gradatim

512 4148 808 4216 ptoficiunt,
842 4151 910 4207 ab
939 4153 1216 4221 impiorum
1265 4157 1499 4214 defendit
1528 4161 1764 4228 insidiis;
1808 4175 1861 4219 et
1905 4166 2061 4222 iidem

513 4239 659 4314 impii
679 4239 995 4309 tenebrosis,
1020 4257 1152 4311 quas
1176 4244 1328 4301 bonis
1349 4249 1591 4317 tendere,
1613 4251 1858 4320 peribunt
1880 4255 1930 4308 in
1954 4272 2063 4310 ma-

505 4324 696 4380 chinis.
743 4327 893 4382 Unde
944 4330 1154 4397 quidam
1210 4343 1510 4390 sanctorum
1553 4338 1824 4396 Serratori
1869 4345 2059 4410 pedum

500 4429 716 4469 suorum
741 4416 938 4496 gratias
968 4421 1171 4487 agendo
1195 4421 1442 4478 decantat
1474 4443 1484 4477 :
1517 4427 1802 4485 Exsultabo
1843 4433 1893 4483 in
1921 4433 2055 4486 saltt-

498 4509 598 4562 tari
651 4519 759 4578 tuo,
812 4513 986 4582 inﬁxae
1024 4525 1138 4568 sunt
1187 4527 1355 4587 gentes
1384 4518 1436 4571 in
1488 4520 1687 4575 interitu
1735 4538 1879 4590 quem
1924 4529 2056 4595 fece-

499 4609 633 4663 runt,
664 4611 765 4657 etc.
796 4602 970 4673 (Psal.
1001 4605 1099 4675 lx.)

570 4691 704 4755 Quia
726 4709 826 4746 non
854 4694 904 4746 in
929 4697 1223 4764 fortitudine
1252 4714 1345 4751 sua
1385 4700 1698 4756 roborabitur
1734 4706 1827 4760 vir.
1863 4709 1937 4763 Ad
1969 4721 2068 4782 δυο,

497 4780 704 4845 periura
736 4785 969 4850 respicit.
996 4786 1193 4840 Idcirco
1220 4787 1431 4856 impios,
1450 4791 1540 4858 qui
1564 4807 1654 4844 sua
1680 4794 1869 4851 virtute
1892 4799 2054 4853 fiden-

497 4877 601 4933 tes,
645 4869 897 4927 auxilium
926 4872 1165 4928 divinum
1195 4891 1434 4943 qumrere
1480 4879 1796 4951 despiciunt,
1832 4889 1881 4940 in
1909 4898 2055 4945 tene-

494 4960 606 5017 bris
631 4959 917 5028 conticere,
954 4964 1054 5019 hoc
1080 4974 1182 5032 est,
1231 4967 1298 5020 ab
1343 4971 1543 5037 agenda
1599 4989 1735 5029 caeca
1787 4977 2055 5048 impietate

497 5050 708 5105 tandem
749 5051 1029 5107 damnatos
1069 5053 1229 5109 silere
1256 5060 1495 5124 oportet;
1529 5064 1786 5130 quianon
1820 5069 1868 5121 iu
1902 5071 2044 5123 torti-

503 5142 682 5196 tudine
702 5142 938 5210 pr0prla,
961 5143 1053 5198 sed
1076 5145 1125 5198 in
1145 5147 1376 5202 auctoris
1399 5151 1478 5203 sui
1507 5155 1668 5222 gratia
1697 5159 2047 5228 roborabitur,

495 5233 794 5300 quicunque
820 5237 897 5289 vir
923 5238 1178 5304 appellari
1212 5250 1355 5294 recte
1382 5243 1662 5302 desiderat.

566 5321 837 5375 Dominum
861 5328 1204 5393 formidabant
1225 5334 1508 5388 aduersarii
1555 5341 1683 5408 ejus,
1715 5350 1817 5396 etc.
1854 5344 2049 5411 Aperte

491 5413 716 5466 districti
751 5421 799 5462 et
833 5414 1000 5468 ultimi
1043 5418 1226 5482 judicii
1275 5423 1412 5477 diem
1447 5429 1773 5483 tremendum
1807 5448 2047 5498 prtenun-

492 5504 614 5564 tiat;
650 5503 700 5555 in
729 5518 833 5571 quo
859 5505 976 5571 quia
1031 5506 1304 5566 Dominum
1359 5515 1711 5571 fortnidabunt
1759 5523 2044 5576 adversarii

2185 1909 2280 1976 ria,
2309 1912 2538 1980 sublime
2585 1917 2917 1972 monstrabit.
2947 1918 3142 1974 Cornu
3195 1931 3374 1975 autem
3412 1920 3622 1976 Christi
3654 1937 3752 1976 non

2183 2001 2356 2056 solum
2381 2003 2636 2074 unigeniti
2666 2004 2782 2074 Filii
2811 2005 2930 2073 Dei,
2952 1998 3309 2064 ‘verumetiam
3332 2011 3754 2081 uniuscujusque

2181 2095 2332 2147 electi
2361 2094 2478 2162 ejus
2511 2108 2614 2148 non
2653 2089 3090 2152 inccnvenienter
3132 2099 3412 2169 accipitur.
3467 2099 3628 2156 [itide
3657 2102 3750 2155 ista

2183 2183 2292 2250 ipsa
2325 2183 2375 2237 in
2406 2185 2580 2254 capite
2611 2184 2791 2256 hymni
2823 2187 2999 2256 hujus,
3036 2204 3140 2258 quo
3201 2199 3313 2244 tcto
3356 2191 3517 2259 juxta
3557 2206 3748 2245 nomen

2181 2288 2332 2338 suum
2359 2277 2580 2345 gratiam
2609 2277 2705 2332 Dei
2735 2279 2956 2335 mirifice
2980 2276 3338 2352 commendat,
3370 2284 3446 2338 ait
3482 2299 3500 2337 :
3532 2284 3746 2338 Esalts-

2182 2373 2293 2418 tum
2335 2377 2415 2420 est
2460 2381 2633 2421 cornu
2683 2383 2856 2423 meum
2889 2368 2941 2422 in
2997 2370 3108 2426 Deo
3151 2387 3292 2426 meo.
3323 2372 3531 2428 Omnes
3557 2373 3748 2443 quippe

2181 2463 2366 2509 unctos
2404 2455 2519 2523 ejus
2571 2458 2877 2525 chrismate,
2934 2472 3080 2517 recte
3125 2463 3354 2520 christos
3390 2469 3741 2537 appellamus,

2179 2544 2319 2611 quod
2353 2554 2526 2601 tamen
2571 2557 2737 2605 totum
2781 2565 2899 2606 cum
2948 2567 3048 2608 suo
3085 2556 3255 2624 capite
3281 2572 3477 2626 corpus
3502 2577 3640 2617 unus
3666 2574 3744 2618 est

2177 2632 2620 2718 Cbristus;_nunc
2647 2657 2710 2696 ex
2741 2654 2890 2711 parte
2937 2647 3245 2715 peregrinus
3298 2651 3350 2706 in
3409 2661 3578 2718 terra,
3619 2662 3741 2709 tune

2176 2734 2350 2782 autem
2379 2736 2518 2816 totus
2546 2732 2749 2788 caelesti
2790 2735 3253 2824 sublimandus’in
3310 2743 3504 2810 patria.
3551 2744 3739 2801 [ἱεωέ

2178 2810 2426 2891 hymnum
2456 2821 2624 2881 beata
2649 2825 2823 2882 Maria:
2852 2816 3006 2898 (Luc.
3036 2833 3098 2902 tj,
3225 2832 3345 2887 vide
3388 2849 3510 2904 qua
3550 2837 3738 2889 similia

2174 2914 2240 2968 de
2278 2915 2489 2983 judieiis
2516 2927 2571 2973 et
2590 2921 2758 2989 gratia
2791 2921 2881 2976 Dei
2915 2921 3217 2994 propheta,
3236 2931 3483 2983 mater~et
3507 2926 3734 2993 Domini,

2175 3005 2364 3060 mulier
2393 3015 2448 3061 et
2470 3008 2616 3079 virgo
2635 3013 2921 3067 senserint.

2790 3121 3010 3180 CAPUT
3051 3125 3115 3180 ν.

2179 3179 2583 3283 Profanantibus'
2607 3207 2730 3262 Heli
2751 3209 2873 3283 filiis
2902 3215 3216 3266 sacerdotale
3234 3215 3476 3283 oﬁciuns,
3525 3217 3730 3273 Samuel

2247 3291 2371 3353 puer
2388 3276 2638 3353 ministrat
2662 3290 2778 3353 ante
2805 3279 3092 3353 Dominum,
3115 3276 3369 3338 accinctus
3389 3276 3561 3353 epitod
3581 3291 3729 3352 lineo.

2245 3355 2290 3398 et
2313 3346 2627 3400 benedicente
2657 3346 2773 3401 Heli
2794 3349 2938 3402 Anna
2959 3346 3262 3421 fecundatur
3280 3372 3312 3409 a
3335 3346 3483 3423 filiis.
3621 3355 3696 3362 ‘—

2247 3449 2312 3503 Et
2334 3453 2456 3506 abiit
2496 3454 2688 3527 Eleana
2713 3457 2965 3511 [iamut/ta
2985 3461 3037 3513 iu
3060 3462 3262 3514 domum
3285 3481 3450 3528 suam,
3483 3459 3589 3521 etc.
3614 3469 3726 3522 lite

2175 3539 2334 3594 lectio
2361 3541 2539 3606 docet,
2566 3542 2826 3599 desolatis
2850 3546 2914 3599 ad
2950 3548 3125 3616 pejora
3156 3561 3274 3618 post
3314 3551 3725 3609 incarnationem

2175 3633 2382 3700 Domini
2429 3636 2729 3691 Judznorum
2760 3638 3081 3706 doctoribus,
3121 3641 3362 3712 ejusdem
3403 3648 3457 3701 iu
3491 3648 3719 3702 Ecclesia

2175 3723 2380 3778 Domini
2407 3725 2765 3784 ctSalvatoris
2796 3729 3053 3801 magualia
3094 3741 3259 3787 totum
3286 3734 3610 3790 dill'atnanda
3641 3753 3726 3806 per

2170 3814 2374 3870 orbem.

2240 3902 2375 3956 Abiit
2401 3904 2552 3972 igitur
2579 3904 2776 3960 Elcaua
2805 3907 3054 3964 Rasnatlta
3088 3913 3141 3964 in
3179 3904 3388 3967 domum
3433 3932 3599 3982 suam,
3621 3926 3719 3972 etc.

2171 3988 2362 4044 Vocata
2382 4007 2548 4060 nuper
2571 3993 2635 4044 ad
2664 3992 2818 4047 fidem
2850 3995 3080 4051 Ecclesia
3120 4000 3380 4068 gentium,
3411 4005 3545 4074 quod
3577 4009 3710 4059 nati-

2171 4080 2388 4135 vitatem
2416 4083 2552 4137 beati
2577 4083 2836 4157 Samuelis
2866 4085 3162 4156 significare
3182 4088 3435 4162 diximus,
3459 4095 3714 4161 abiit’pos-

2165 4174 2335 4228 sessio
2352 4172 2467 4242 Dei,
2489 4189 2602 4243 quin
2626 4186 2706 4230 est
2730 4188 2986 4230 coaeterna
3017 4178 3131 4246 ejus
3158 4180 3439 4250 sapientia,
3463 4185 3710 4252 Christus,

2165 4262 2591 4332 adillustranda,
2615 4266 2755 4318 sicut
2782 4262 2990 4336 semper
3013 4266 3314 4327 sanctorum
3343 4289 3556 4328 suorum
3577 4277 3708 4330 celsa

2163 4356 2318 4408 corda
2349 4355 2578 4410 fidelium
2605 4364 2657 4411 et
2680 4359 2987 4429 angelorum
3026 4370 3080 4415 et
3133 4362 3428 4433 hominum,
3449 4380 3566 4434 qua
3595 4379 3708 4421 sunt

2090 4467 2140 4526 Β
2164 4445 2352 4500 domus
2381 4446 2496 4513 ejus
2521 4462 2676 4517 supra
2704 4458 2906 4519 petram
2937 4451 3057 4506 ﬁdei
3091 4453 3379 4507 fortissime
3427 4445 3605 4511 contra
3631 4459 3704 4512 in-

2164 4535 2263 4589 feri
2295 4549 2472 4605 portas
2502 4548 2699 4592 erecta.
2736 4539 2850 4607 Ipse
2884 4549 3061 4592 autem
3089 4548 3305 4594 vocatus
3349 4543 3415 4596 ad
3441 4543 3594 4598 tidem
3623 4561 3704 4614 po-

2161 4629 2334 4696 pulus,
2367 4639 2620 4682 cernente
2645 4630 2804 4683 etiam
2841 4627 3082 4698 Judaieo,
3135 4640 3192 4684 et
3214 4631 3510 4691 admirante
3535 4653 3700 4692 sacer-

2157 4718 2324 4783 dutio,
2356 4717 2553 4771 Christi
2575 4717 2742 4786 jussis
2764 4717 3034 4774 humiliter
3065 4721 3214 4791 quasi
3265 4738 3323 4780 se
3351 4739 3560 4797 semper
3580 4742 3699 4782 cou-

2157 4806 2435 4874 spicientes
2457 4805 2745 4860 serviebat.

2228 4895 2392 4949 Porro
2413 4897 2509 4963 mn
2539 4896 2679 4961 Heli,
2708 4898 2807 4966 filii
2826 4899 3013 4966 Belial,
3038 4914 3139 4971 etc.
3167 4904 3285 4960 Filii
3313 4903 3591 4962 sacerdotii
3608 4907 3692 4963 tu-

2159 4984 2313 5046 daici.
2348 4987 2437 5040 filii
2468 4987 2592 5040 cmci
2625 4988 2858 5051 luminis,
2885 4991 2995 5045 sive
3017 4992 3217 5062 absque
3247 4994 3379 5063 jugo
3406 4999 3695 5069 (utrumque

2154 5074 2309 5127 enim
2348 5074 2505 5128 Belial
2557 5076 2669 5130 sive
2723 5077 2898 5131 Beliar
2925 5083 3101 5149 sonat)
3147 5084 3420 5151 exstitere,
3448 5097 3690 5160 quotquot

2159 5158 2350 5219 Christi
2374 5166 2667 5220 doctrinam
2695 5169 3022 5235 nesciebant;
3048 5187 3148 5224 non
3169 5171 3363 5229 divinis
3386 5177 3521 5248 legis
3534 5158 3686 5248 jussa,

2158 5256 2251 5309 sed
2284 5270 2496 5309 suarum
2526 5264 2718 5310 statuta
2749 5258 3087 5313 traditionum
3118 5273 3424 5336 sequentes.

2223 5345 2334 5426 Sed
2351 5347 2633 5416 quicunque
2670 5347 2976 5402 immolasset
3005 5350 3277 5420 victimam,
3325 5359 3553 5413 veniebat
3576 5377 3687 5429 puer

2149 5436 2443 5501 sacerdotis,
2473 5443 2575 5489 etc.
2609 5436 2917 5504 Quicunque
2973 5439 3129 5495 vitam
3171 5456 3322 5497 suam
3367 5461 3437 5502 eo
3465 5458 3686 5519 tempore

2153 5523 2372 5578 Domino
2394 5540 2706 5583 consecrare
2755 5527 3098 5599 decrevisset,
3130 5536 3414 5593 veniebant
3457 5538 3683 5606 discipuli

487 5591 622 5660 ejus,
654 5593 762 5660 jam
796 5597 950 5661 unde
1001 5614 1212 5655 necesse
1252 5615 1350 5670 est,
1401 5609 1629 5664 nondum
1681 5612 1845 5665 visum
1898 5611 2042 5668 illum
2149 5617 2458 5683 scribarum,
2495 5619 2898 5686 l’hariaseorum,
2930 5633 2981 5678 et
3011 5623 3301 5694 principum
3331 5629 3681 5694 sacerdutum,

489 5681 757 5736 humiliter
783 5683 1141 5760 losutidemus,
1178 5701 1234 5747 ut
1283 5707 1401 5750 tunc
1453 5698 1566 5768 ejus
1620 5700 1726 5755 Visa
1761 5703 2034 5771 majestate
2068 5751 2070 5753 ,

2149 5706 2271 5763 dum
2296 5711 2531 5767 carnales
2563 5711 2674 5780 ejus
2696 5715 3103 5772 consuetudines
3128 5730 3373 5786 superna
3397 5718 3685 5778 derotiouis
