3898 6260
186 334 317 390 513
747 331 809 389 IN
842 333 1218 391 SAHUELEM
1259 333 1677 391 PROPIIETAM
1722 328 2150 388 ALLEGORlCA
2193 311 2567 389 EXPOSITIO.
2613 361 2678 373 —
2714 332 2841 387 LIB.
2885 312 2938 388 l.
3323 335 3434 392 ιιι

207 445 340 510 igni
369 441 592 510 decoqui
620 441 930 510 inciperent,
959 451 1015 497 et
1034 443 1298 498 habebant
1320 457 1568 512 rapacem
1599 440 1852 501 mundiA
1882 454 1993 495 ram
2024 456 2144 497 arca
2173 441 2384 496 Domini
2406 442 2656 508 ludentis,
2685 443 2929 510 exempla
2953 452 3228 499 testan'ur.
3249 445 3432 514 Nequa

185 531 562 600 cupiditatem
593 528 646 584 ln
676 530 925 598 operibus
952 530 1096 598 suis;
1119 529 1270 601 cujus
1317 531 1597 586 tridentem
1629 545 1774 584 mor-
1879 533 2020 587 enim
2053 533 2306 586 nn-tvvitas
2333 533 2595 603 octoginta
2620 533 2851 602 quinque
2879 534 3179 602 pontifices,
3204 535 3296 588 sed
3327 536 3434 588 mi.

197 635 340 684 sum
370 621 677 676 describens
723 621 996 689 apostolus
1038 621 1270 678 Joannes
1305 623 1380 677 ait
1407 640 1420 676 :
1451 623 1583 690 Quia
1630 636 1779 676 omne
1880 620 2026 705 noris
2052 622 2248 691 gradus
2271 623 2442 687 potuit
2472 622 2669 677 habere
2697 622 3234 705 sacerdotesJ‘vpice
3254 639 3429 679 au'em

191 710 434 778 quodin
466 709 651 763 mundo
675 719 767 776 est,
797 709 1202 779 concupiscentia
1247 712 1416 765 carnis
1452 720 1549 778 est,
1578 721 1623 764 et
1653 728 1772 764 con-
1881 711 2065 781 Ephod
2091 714 2219 768 varii
2243 715 2459 790 coloris,
2485 713 2822 768 multifariam
2862 715 2915 768 in
2947 716 3059 769 viro
3105 722 3293 769 sancto
3323 717 3429 770 vir-

191 802 526 870 cupiseentia
555 804 839 869 oculorum,
872 809 920 856 et
944 803 1180 871 superbia
1200 803 1320 856 vita
1341 801 1391 870 (1
1413 801 1569 856 Joan.
1605 803 1685 871 ιι).
1712 801 1778 856 Et

198 890 380 962 hujus
401 891 663 960 exempla,
694 892 778 946 vel
807 892 965 946 etiam
1007 891 1277 948 doctrinas
1329 902 1554 948 terrente
1577 891 1778 960 cupidi-

198 983 338 1036 tatis
371 983 645 1036 mittebant
675 981 726 1036 in
749 982 1142 1052 qualecumque
1162 982 1422 1052 audientis
1444 997 1561 1050 cor,
1596 981 1777 1046 idest,

197 1071 328 1124 sive
353 1070 605 1134 docibile,
645 1069 758 1125 sive
799 1071 1050 1126 tardioris
1102 1079 1158 1126 et
1193 1071 1512 1140 angustioris
1557 1071 1776 1139 ingenii,

199 1161 330 1215 sive
385 1161 650 1215 infirmum
695 1176 757 1217 ac
788 1160 991 1232 fragile,
1022 1176 1115 1216 seu
1155 1162 1358 1230 patiens
1383 1160 1618 1236 adversi,
1667 1161 1780 1214 sive

207 1251 417 1304 efficax
457 1250 693 1312 dicendi,
723 1265 817 1304 seu
862 1249 1133 1315 rusticum,
1181 1248 1456 1318 minusque
1507 1263 1777 1313 sonorum,

209 1339 368 1410 quod
404 1340 900 1395 varietate’minoris
923 1340 1248 1410 maiorisque
1275 1340 1453 1408 ferrei,
1485 1344 1641 1410 mnei,
1667 1344 1779 1404 sive

213 1431 384 1485 testei
435 1431 576 1484 vasis
631 1429 1002 1498 distinguitur;
1055 1446 1378 1500 parvumque
1409 1419 1780 1501 quem'nuper

215 1520 456 1590 quisque
507 1529 831 1588 conceperat
857 1520 1022 1575 divini
1072 1508 1266 1577 amoris
1295 1523 1521 1578 calorem
1550 1525 1780 1593 pessimo

1879 810 2048 856 tutum
2101 803 2324 871 gra'iam
2373 815 2651 860 monstrat.
2707 804 2925 859 Lineum
2979 818 3128 870 vero,
3173 807 3319 877 quod
3362 809 3430 862 de

1879 898 2017 944 terra
2043 902 2397 961 procreatum,
2424 888 2585 962 longo
2602 893 2985 963 jam‘exercitio
3009 912 3160 950 suum
3189 893 3430 966 pervenit

1880 979 1944 1034 ad
1972 980 2236 1048 decorem,
2269 984 2698 1038 candidissimam
2745 997 2905 1039 casta:
2947 987 3119 1040 carnis
3146 987 3430 1040 mortiﬁca—

1883 1070 2079 1124 tionem
2100 1073 2376 1143 designat.
2409 1073 2743 1128 Ministrabat
2785 1091 2914 1146 ergo
2945 1075 3158 1130 Samuel
3187 1086 3306 1131 ante
3352 1075 3430 1129 fa-

1880 1159 2015 1216 ciem
2047 1160 2276 1229 Domini,
2312 1179 2438 1230 puer
2460 1163 2730 1218 accinctos
2764 1166 2940 1232 ephod
2965 1166 3138 1232 lineo;
3171 1167 3434 1220 mini-tra-

1879 1250 1972 1308 bat
1997 1253 2240 1307 Christus
2271 1263 2464 1306 nostra:
2516 1253 2807 1307 infirmitati
2835 1254 3077 1328 'hnntilis
3115 1257 3164 1308 in
3197 1256 3428 1319 homine,

1881 1353 2073 1406 corpus
2100 1341 2436 1410 animamque
2473 1358 2685 1410 semper
2714 1344 2780 1410 ab
2818 1346 2959 1398 omni
3007 1345 3248 1398 vitiorum
3274 1347 3432 1400 sorde

1885 1430 2279 1485 mundissimam
2309 1439 2541 1500 gestans.
2569 1433 2681 1488 Non
2708 1436 2850 1489 enim
2909 1435 3161 1503 peccavit,
3193 1449 3284 1488 nec
3316 1451 3424 1489 ma-

1885 1518 1992 1587 lum
2025 1534 2202 1573 coram
2234 1520 2454 1574 Domino
2477 1521 2601 1576 fecit
2628 1541 2639 1574 :
2664 1521 2761 1587 Qui
2787 1524 2903 1576 sine
2929 1523 3287 1591 iniquitatibus
3307 1537 3433 1576 con-

201 1619 414 1674 attactu
459 1609 776 1680 polluentes,
823 1627 929 1667 non
962 1613 1014 1667 id
1058 1613 1198 1683 quod
1258 1615 1341 1670 lex
1372 1612 1556 1669 statuit
1585 1615 1776 1682 praedi-

199 1701 369 1754 candi
399 1703 674 1770 przcmium
705 1702 1106 1772 exspectabant,
1160 1705 1251 1759 sed
1284 1713 1466 1764 contra
1497 1706 1636 1776 quod
1671 1708 1778 1763 Deo

199 1790 897 1858 debebatur,.obedientiaa
938 1809 1130 1854 munus
1177 1794 1277 1848 sibi
1329 1794 1443 1848 fieri
1487 1809 1771 1864 cogentes;

201 1894 315 1944 qua
370 1878 605 1949 profecto
651 1870 911 1934 fuscinnla
971 1881 1282 1950 pravissima
1340 1885 1498 1937 etiam
1546 1901 1688 1939 nunc
1719 1887 1772 1940 in

211 1968 450 2044 ecclesia
502 1981 680 2022 sacras
723 1968 924 2024 hostias
964 1971 1299 2036 attaminent,
1331 1974 1633 2042 quicunque
1679 1988 1771 2028 ac-

209 2066 378 2123 cepto
408 2056 525 2112 fidei
556 2057 826 2126 Mysterio,
854 2059 938 2112 vel
966 2060 1124 2114 etiam
1165 2060 1465 2115 ministerio
1505 2060 1651 2115 verbi
1678 2075 1772 2117 sua

208 2138 482 2216 qumruot,
514 2163 617 2202 non
639 2163 754 2218 qua:
783 2148 910 2204 Jesu
937 2146 1153 2204 Christi.
1266 2181 1269 2184 ι
1365 2157 1368 2160 ’

283 2234 458 2290 Etiam
505 2238 774 2306 anteqhnt
825 2238 1083 2294 adolerent
1133 2241 1356 2312 adipem,
1408 2249 1512 2295 etc.
1543 2234 1782 2296 Tantum"

203 2328 445 2396 nequitia
496 2327 811 2399 Pharisaicaa
864 2329 1202 2399 deceptionis
1251 2329 1525 2402 progressa
1564 2342 1665 2399 est,
1714 2339 1789 2387 ut

207 2420 378 2472 etiam
408 2429 689 2487 antequam
741 2421 1057 2490 gratissima;
1101 2420 1213 2477 Deo
1239 2423 1536 2478 dilectionis
1578 2424 1770 2495 pingue

206 2520 405 2587 munus
426 2507 755 2564 offerendum
783 2509 1058 2576 docerent,
1084 2510 1223 2584 quod
1263 2523 1390 2569 ante
1410 2523 1633 2591 exteras
1659 2518 1769 2569 vir-

214 2608 390 2654 tutum
417 2602 616 2658 hostias
639 2604 688 2658 ci
715 2605 986 2675 singulare
1002 2605 1161 2662 debet
1181 2607 1233 2662 in
1265 2622 1355 2663 ara
1383 2608 1556 2664 cordis
1585 2608 1773 2664 immo-

209 2689 334 2755 lari,
364 2707 517 2745 suum
539 2692 720 2748 divino
747 2695 915 2750 cultui
948 2685 1266 2765 praeferrent
1312 2698 1659 2769 obsequium;
1691 2700 1772 2753 di-

212 2793 395 2834 centes
423 2776 632 2835 miseris
654 2782 1005 2851 auditoribus,
1055 2793 1114 2840 ut
1157 2798 1270 2840 sua:
1299 2787 1520 2855 quisque
1569 2771 1777 2840 conca?

207 2863 482 2938 piscentize
512 2872 736 2926 carnalis
760 2872 1058 2948 illecebras,
1083 2888 1186 2930 non
1211 2874 1457 2931 :etberete
1488 2876 1769 2931 charitatis

210 2961 421 3014 flamma
456 2961 563 3016 Deo
603 2961 774 3032 digna:
817 2974 1216 3036 consumerent,
1249 2965 1343 3021 sed
1374 2965 1426 3020 in
1455 2965 1765 3021 Conditoris

209 3049 457 3118 iniuriam
486 3051 659 3106 minus
684 3053 968 3123 castigatas
999 3068 1095 3123 pro
1150 3054 1300 3109 libitu
1347 3056 1635 3110 carnalium
1669 3057 1766 3109 im-
1792 3081 1838 3144 ρ

214 3141 507 3213 penderent
523 3152 929 3211 prteeeptorutn.
963 3144 1087 3215 [hac
1105 3153 1283 3200 autem
1307 3144 1416 3200 suis
1436 3145 1766 3206 auditoribus

198 3233 442 3304 improbi
477 3246 581 3286 non
606 3233 804 3296 verbis,
835 3233 926 3287 'sed
961 3232 1120 3290 rebus
1165 3222 1292 3305 ipsis
1336 3220 1600 3292 dicebant.
1629 3237 1766 3302 Quo-

215 3334 332 3372 rum
361 3320 630 3388 simillima
660 3322 920 3392 hodieque
950 3338 1043 3393 per
1074 3327 1356 3394 magistros
1380 3320 1438 3380 et
1461 3327 1766 3382 sacerdows

213 3397 596 3468 Ecclesiarlieri
622 3414 821 3467 utinam
851 3418 1218 3475 nesciremus-
1393 3411 1396 3414 ’
1730 3469 1735 3473 .

289 3500 408 3554 Erat
434 3517 553 3570 ergo
581 3512 836 3572 peccatum
875 3514 1145 3572 paterarum
1196 3505 1390 3574 grande
1435 3506 1605 3570 nimis,
1658 3501 1761 3562 etc.

218 3591 342 3646 Erat
367 3602 638 3660 peceatum
695 3595 988 3646 scribarum
1030 3602 1082 3649 et
1136 3584 1766 3663 Pharisaeorum'grande

215 3682 369 3735 nimis
415 3685 593 3736 coram
631 3679 876 3746 Domino,
905 3683 1116 3736 tametsi
1156 3697 1335 3737 coram
1367 3683 1674 3760 hominibus
1705 3700 1763 3740 se

215 3785 311 3838 per
338 3769 639 3842 hypocrisin
685 3770 1085 3840 justifieantium
1136 3771 1288 3843 (an.
1331 3772 1442 3843 xt);
1494 3777 1614 3843 quia
1663 3775 1761 3843 ipsi

215 3864 453 3919 homines
494 3877 614 3918 cum
643 3873 843 3925 essent.
893 3863 1266 3921 rescindebant
1320 3875 1638 3936 praeceptum
1669 3865 1760 3920 Dei

213 3967 307 4021 per
363 3953 670 4008 traditiones
715 3968 876 4019 suas;
929 3954 1012 4020 vel
1065 3964 1209 4010 certe
1262 3955 1510 4013 tollentes
1550 3957 1758 4012 clavem

213 4047 470 4112 scientia),
513 4054 568 4103 et
595 4047 694 4116 ipsi
721 4062 824 4102 non
869 4047 1179 4114 introibant,
1215 4059 1268 4104 et
1297 4049 1532 4104 volentes
1563 4051 1761 4106 intrare

218 4137 582 4204 prohibebant.
603 4139 660 4192 Si
687 4148 861 4192 autem
885 4138 1084 4206 grande
1112 4141 1269 4220 nimis
1288 4150 1555 4208 peccatum
1579 4155 1757 4194 coram

216 4227 435 4281 Domino
463 4225 800 4281 commisere
857 4227 1033 4294 pueri,
1060 4227 1149 4296 qui
1196 4229 1485 4296 pecualium
1519 4227 1748 4281 victima-

219 4331 334 4371 rum
356 4317 548 4372 carnes
574 4314 790 4382 indigne
822 4315 1148 4368 tractabant:
1199 4316 1324 4382 quid
1356 4325 1505 4382 putas
1529 4330 1622 4370 eos
1644 4329 1755 4369 me-
1779 4363 1782 4366 .

1881 1618 2069 1675 ceptus
2116 1617 2216 1674 est,
2248 1620 2298 1663 et
2329 1610 2446 1665 sine
2475 1611 2682 1665 delictis
2726 1603 2945 1680 peperit
2974 1627 3093 1665 eum
3127 1622 3293 1674 mater
3313 1627 3430 1668 sua.

1885 1699 2153 1754 ltlinistrat
2177 1698 2400 1770 populus
2430 1703 2761 1758 Christianus
2780 1702 3012 1767 Christo,
3045 1718 3255 1757 carnem
3279 1719 3430 1757 suam

1879 1779 2196 1858 crtn'ifl'gens
2219 1806 2338 1844 cum
2360 1792 2498 1846 vitiis
2516 1803 2567 1846 et
2589 1793 3047 1861 concupiscentiis,
3066 1795 3433 1863 castigansque

1880 1891 2078 1943 corpus
2103 1894 2278 1942 suum,
2306 1889 2358 1934 et
2388 1883 2627 1937 servituti
2659 1883 2962 1951 snhjiciens.

1949 1965 2014 2017 Et
2042 1969 2266 2019 tunicam
2294 1985 2498 2036 parram
2531 1970 2747 2036 faciebat
2781 1971 2830 2024 ei
2867 1980 3027 2022 mater
3052 1987 3170 2023 sua.
3202 1969 3314 2024 Non
3344 1984 3432 2024 so-

1876 2054 1981 2108 lum
2011 2067 2208 2109 castam
2234 2067 2283 2110 et
2311 2059 2379 2111 ab
2408 2060 2551 2112 omni
2607 2067 2827 2127 peccato
2857 2059 3097 2124 liberam,
3126 2060 3218 2113 sed
3250 2066 3304 2111 et
3332 2058 3430 2111 htt-

1877 2145 2058 2198 tnilem
2105 2160 2201 2213 per
2244 2145 2421 2200 omnia
2454 2146 2708 2200 Dominus
2734 2161 2946 2201 carnem
2984 2147 3241 2216 suscepit;
3271 2162 3424 2216 quam

1873 2233 1922 2287 ei
1958 2234 2080 2288 facit
2107 2235 2368 2301 Ecclesia,
2401 2239 2482 2290 vel
2513 2237 2606 2304 qui
2655 2236 2811 2290 talem
2867 2251 2989 2290 eum
3035 2245 3180 2290 recte
3205 2246 3257 2290 et
3285 2237 3425 2290 salu-

1874 2323 2107 2378 berrime
2134 2325 2323 2389 credit,
2349 2327 2428 2380 vel
2459 2327 2582 2395 quia
2614 2342 2718 2380 non
2746 2327 2974 2396 ignobile
2997 2327 3288 2381 membrum
3321 2326 3426 2381 Ec-

1871 2413 2050 2468 clesia:
2073 2414 2246 2483 virgo,
2274 2413 2344 2469 de
2371 2429 2472 2484 qua
2504 2415 2617 2482 ipse
2645 2425 2799 2469 natus
2824 2423 2922 2480 est,
2954 2416 3248 2485 pra-fulget.

1944 2504 2106 2569 Quam
2149 2504 2407 2574 adferebat
2454 2506 2656 2565 statutis
2684 2505 2879 2572 diebus,
2923 2516 3029 2560 etc.
3080 2507 3143 2571 Et
3189 2506 3425 2561 Ecclesia

1872 2610 2146 2666 nunquam.
2176 2611 2204 2650 a
2236 2595 2449 2652 Christo
2476 2598 2895 2667 deserta,,quem
2932 2613 3109 2652 secum
3141 2599 3193 2652 in
3223 2599 3430 2653 occulto

1873 2685 2030 2740 habet
2076 2686 2325 2740 omnibus
2370 2687 2556 2742 diebus
2611 2703 2777 2758 usque
2807 2690 2871 2746 ad
2919 2689 3429 2744 consummationem

1868 2775 2069 2840 smculi,
2098 2775 2423 2829 solemnibus
2442 2777 2719 2831 missarum
2743 2777 2929 2831 diebus
2950 2778 3013 2830 ad
3045 2776 3425 2831 immolandum

1868 2864 2186 2928 ascendens,
2216 2865 2389 2919 carnis
2418 2866 2532 2934 ejus
2562 2865 2910 2935 eteanguinis
2941 2867 2991 2920 in
3040 2868 3161 2918 vino
3204 2881 3264 2919 ac
3293 2881 3429 2935 pano

1867 2970 2045 3012 secum
2097 2958 2347 3027 tnystetia
2398 2941 2939 3012 defertherumet
2992 2958 3213 3025 populo,
3268 2974 3422 3025 quem

1868 3043 2080 3098 Christo
2132 3046 2269 3114 parit
2324 3045 2580 3112 Ecclesia,
2634 3046 2950 3099 humilitatis
2996 3045 3227 3099 habitum
3277 3044 3422 3112 facit,

1874 3149 2029 3203 quam
2076 3150 2171 3203 per
2223 3135 2544 3205 singularum
2604 3136 2928 3190 incrementa
2961 3137 3209 3189 virtutum
3243 3150 3421 3190 secum

1872 3222 2066 3290 adfert,
2108 3237 2226 3279 cum
2273 3226 2439 3294 gratia
2489 3225 2685 3280 Christi
2730 3226 2795 3279 ad
2828 3227 3010 3280 altiora
3043 3227 3336 3294 proficiens,
3373 3238 3427 3279 ut

1871 3311 2015 3367 Patri
2064 3315 2318 3367 luminum
2364 3316 2650 3382 gratiarunt
2700 3322 2817 3366 vota
2869 3313 3145 3381 rependat.
3195 3313 3316 3366 llaec
3345 3323 3427 3366 est

1870 3404 2034 3456 vestis
2076 3403 2162 3456 illa
2196 3404 2466 3468 nuptialis,
2497 3418 2598 3470 qua
2625 3403 2775 3470 juxta
2818 3403 3085 3471 Evangelii
3116 3404 3417 3470 parabolatn

1875 3489 2090 3557 (Matth.
2123 3490 2284 3559 ιλιι),
2317 3492 2489 3544 omnis
2521 3491 2608 3558 qui
2639 3490 2892 3545 solemnia
2920 3492 3061 3559 regni
3089 3492 3316 3546 cmlestis
3344 3491 3424 3543 iu-

1869 3576 2113 3649 traverit,
2142 3596 2274 3649 epus
2304 3582 2479 3636 habet.
2512 3579 2656 3637 llanc
2703 3591 2755 3637 et
2788 3584 2897 3653 ipse
2930 3585 3084 3654 liegis
3125 3585 3297 3653 magni
3336 3583 3422 3637 Fi-

1869 3673 2009 3736 lius,
2058 3674 2406 3740 spirituaIEUm
2460 3686 2644 3729 auctor
2701 3685 3043 3746 sacratorque
3097 3679 3416 3745 nuptiarum,

1868 3764 2070 3831 primus
2097 3764 2261 3818 induit
2283 3765 2301 3831 ;
2322 3767 2410 3835 qui
2433 3763 2706 3834 procedens
2723 3777 2958 3837 tanquam
2986 3762 3202 3834 spons'us
3223 3769 3286 3821 de
3309 3771 3423 3820 tha-

1867 3840 1999 3910 lamo
2027 3872 2140 3920 suo,
2168 3856 2451 3916 Itumilt‘aoit
2474 3859 2815 3929 semetipsum,
2836 3863 3001 3926 factus
3017 3858 3250 3911 obediens
3270 3875 3422 3928 usque

1864 3949 1931 4003 ad
1960 3958 2168 4004 mortem
2211 3950 2425 4020 (Ezech.
2453 3968 2552 4017 xL;
2585 3950 2818 4020 Philipp.
2867 3951 2948 4019 tt).
2985 3951 3151 4014 Quam
3182 3951 3417 4018 profecto

1865 4041 2095 4096 tanicam
2123 4041 2396 4095 schemate
2452 4057 2688 4108 parvam,
2729 4041 2821 4094 sed
2870 4041 3062 4093 virtute
3107 4042 3417 4108 maximam,

1856 4143 1960 4183 nec
2001 4131 2053 4183 in
2083 4129 2204 4198 ipso
2233 4129 2436 4183 mortis.
2478 4115 2588 4182 suat
2637 4137 2876 4197 tempore
2906 4128 3149 4183 scindere
3182 4130 3421 4195 permisit

1859 4232 1974 4285 eos,
2007 4234 2037 4272 a
2065 4220 2252 4289 quibus
2281 4227 2505 4275 mortem
2533 4219 2811 4284 sustinuit;
2857 4219 2980 4291 quia
3025 4219 3196 4287 ipsum
3228 4233 3330 4288 quo
3351 4218 3417 4272 ad

1871 4319 2098 4364 mortem
2131 4323 2295 4380 usque
2327 4310 2565 4380 pervenit
2602 4308 2913 4364 humilitatis
2933 4310 3252 4380 exemplum,
3285 4320 3338 4365 et
3367 4311 3417 4364 itt

215 4408 312 4462 reri
340 4420 635 4476 pinnarum,
662 4406 749 4474 qui
780 4402 1000 4458 stultitia
1054 4406 1237 4473 puerili
1288 4406 1476 4459 Filium
1506 4406 1594 4460 Dei
1623 4420 1746 4460 con-
1782 4413 1828 4473 υ
1859 4409 2030 4454 morte
2054 4402 2303 4455 servavit.

221 4493 559 4555 cnlcaverint,
585 4500 640 4547 et
676 4492 980 4561 sanguinem
1026 4484 1336 4548 testamenti
1371 4495 1552 4548 cterni
1580 4495 1750 4562 pollu-
1784 4529 1785 4532 η

215 4594 316 4637 tum
342 4581 587 4636 duxerint
615 4579 798 4650 (Hebr.
834 4581 933 4645 x)?
990 4582 1089 4648 Qui
1116 4583 1435 4652 accipientes
1466 4599 1569 4638 non
1615 4583 1754 4652 diju-

215 4677 383 4731 dicaut
405 4688 594 4742 corpus
625 4673 832 4728 Domini
883 4671 936 4745 (I
965 4674 1081 4729 Cor.
1106 4675 1224 4742 χι),
1255 4675 1304 4729 id
1336 4684 1438 4738 est,
1464 4689 1493 4728 a
1517 4689 1754 4730 commu-

217 4769 350 4822 niunt
377 4765 661 4834 viliumque
691 4778 932 4818 escarum
964 4767 1317 4835 perceptione,
1361 4765 1594 4821 caelestis
1637 4768 1755 4821 vitae

219 4853 510 4927 mysterium
537 4854 753 4907 minime
780 4851 1106 4906 discernunt.

285 4948 486 5004 Samuel
523 4955 687 5002 autem
737 4943 1049 4998 ministrabat
1094 4953 1211 4998 ante
1262 4947 1604 5014 facientDei,
1650 4959 1754 5002 etc.

225 5038 400 5108 prod
427 5038 702 5102 Hebraice,
737 5035 920 5090 Latine
956 5021 1392 5104 superbumerale
1439 5037 1522 5090 vel
1571 5046 1757 5106 super.

226 5126 576 5181 indumentum
606 5125 829 5190 dicitur;
859 5124 1012 5195 cujus
1035 5124 1261 5178 nominis
1293 5123 1757 5204 vestimentumpex

226 5213 695 5284 auro,hyacintho,
728 5230 979 5284 purpura,
1028 5229 1290 5283 coccoque
1337 5213 1416 5267 bis
1466 5214 1651 5276 tincto,
1697 5231 1796 5288 ac.

228 5307 597 5375 byssoretorta
626 5314 953 5370 contextum,
1001 5305 1134 5359 solis
1176 5306 1514 5373 pontiﬁcibus
1541 5319 1760 5357 conces-

224 5409 352 5458 sum,
373 5392 536 5447 Exodi
569 5391 837 5461 Scriptura
860 5405 1240 5450 commemorat
1265 5394 1457 5462 (Exod.
1479 5392 1608 5462 xxv)
1658 5392 1760 5445 Ve-

225 5482 494 5542 rumidetn
524 5482 715 5548 lincunt
745 5485 1128 5554 sacerdotibus.
1183 5485 1398 5550 Levitis,
1449 5498 1511 5538 ac
1557 5484 1765 5537 caeteris

222 5574 502 5656 quibusque
529 5571 736 5635 usibile,
763 5581 817 5626 et
845 5573 930 5628 hic
983 5574 1267 5637 Samuelis,
1309 5574 1400 5644 qui
1429 5574 1610 5628 Levita
1646 5577 1761 5641 fuit,
1806 5582 1810 5587 ’

196 5731 202 5740 ι
227 5678 280 5724 et
306 5666 431 5724 infra
461 5663 818 5731 sacerdomm,
849 5678 982 5734 quos
1001 5658 1193 5721 occidit
1220 5666 1367 5731 Saul,
1394 5681 1454 5721 ac
1485 5667 1644 5720 Davinl
1673 5681 1765 5720 co-

1927 4491 1992 4546 Et
2020 4483 2424 4556 benedixitlleli
2456 4490 2662 4544 Eleans:
2683 4494 2738 4544 et
2764 4491 2913 4544 uxori
2941 4492 3074 4560 ejus,
3105 4501 3208 4544 etc.
3248 4491 3416 4547 Bene-

1856 4583 2110 4638 dixerunt
2137 4582 2351 4638 Christo
2380 4581 2650 4646 Ecclesia,
2683 4581 2928 4633 conversi
2959 4569 3025 4632 ad
3055 4580 3210 4632 fidem
3237 4595 3414 4634 sacer-

1859 4675 2010 4729 dotes
2059 4673 2393 4736 Judaorum,
2447 4673 2512 4724 de
2558 4670 2747 4737 quibus
2793 4669 3047 4736 scriptum
3103 4661 3417 4742 estzllatta

1859 4766 2006 4819 etiam
2029 4764 2177 4817 turba
2201 4762 2514 4815 sacerdotum
2545 4757 2801 4811 obediebat
2830 4757 2967 4824 ﬁdei.
2997 4743 3411 4824 Benedicendant

1863 4856 1914 4911 in
1944 4856 2155 4910 Christo
2187 4852 2496 4915 Ecclesiam,
2538 4851 2790 4919 verbique
2831 4850 3033 4902 Sentine
3062 4850 3419 4919 multiplicin-
3463 4922 3465 4924 η

1860 4948 1982 5001 dam
2035 4961 2130 5016 per
2172 4945 2406 5015 gentium
2455 4943 2696 4996 nationes
2745 4941 3009 5010 plerisque
3056 4942 3167 4994 suis
3197 4942 3249 4994 in
3283 4941 3419 5010 typis

1860 5036 2217 5104 sacerdotium
2244 5044 2396 5088 vetus
2423 5033 2703 5103 significat,
2727 5040 2782 5086 et
2810 5032 2958 5100 quasi
2984 5032 3181 5099 tropice
3206 5030 3420 5085 Christo

1863 5127 2131 5197 loquitur:
2165 5125 2362 5179 Reddat
2407 5125 2496 5176 tibi
2541 5121 2676 5178 Dens
2706 5122 2864 5175 Pater
2889 5121 3140 5177 credentes
3168 5135 3230 5171 ea;
3253 5121 3417 5186 genti-

1863 5219 1983 5283 bus;
2020 5218 2120 5284 ipsi
2161 5218 2296 5270 enim
2336 5225 2453 5270 sunt
2495 5232 2681 5280 semen,
2726 5214 2808 5267 cui
2851 5213 3103 5265 benedixit
3150 5209 3414 5263 Dominus.

1864 5307 1967 5360 Pro
2013 5309 2215 5361 faenore
2264 5307 2404 5374 quod
2449 5305 2794 5360 commodasti
2829 5303 3072 5362 Domino,
3107 5298 3158 5352 id
3187 5310 3287 5362 est,
3322 5314 3419 5367 pro

1870 5395 1959 5448 illo
2007 5389 2577 5464 singulariter'sancto
2625 5394 2856 5452 homine,
2905 5403 3062 5456 quem
3112 5389 3177 5441 de
3213 5387 3418 5457 virgine

1865 5490 2212 5549 assumptum,
2263 5499 2418 5537 unam
2471 5494 2641 5537 tecum
2668 5479 2865 5534 Christi
2899 5492 3200 5545 personam,
3233 5479 3282 5532 id
3314 5489 3419 5545 est,

1869 5571 1958 5624 Dei
2013 5583 2207 5623 nomen
2252 5571 2448 5625 habere
2493 5569 2724 5624 voluisti.
2757 5566 2885 5621 Nam
2914 5566 2959 5621 si
2991 5582 3094 5619 non
3128 5567 3277 5620 fenus
3313 5568 3410 5618 Dn-

1871 5661 2010 5716 mino
2049 5668 2286 5714 sanctum
2337 5659 2683 5733 percepisset,
2727 5673 2884 5714 nemo
2921 5670 3101 5713 semen
3129 5656 3192 5711 de
3226 5643 3419 5712 femina
