  <div class='ocr_page' id='page_1' title='image "/cluster/home/n/w/nwhite01/storage/ocr_20150623/90-91/uva.x000827075/919.png"; bbox 0 0 3898 6260; ppageno 0'>
   <div class='ocr_carea' id='block_1_1' title="bbox 495 313 592 366">
    <p class='ocr_par' dir='ltr' id='par_1_1' title="bbox 495 313 592 366">
     <span class='ocr_line' id='line_1_1' title="bbox 495 313 592 366; baseline -0.082 1"><span class='ocrx_word' id='word_1_1' title='bbox 495 313 592 366; x_wconf 66' lang='grc' dir='ltr'><strong>ὗιῖ</strong></span> 
     </span>
    </p>
   </div>
   <div class='ocr_carea' id='block_1_2' title="bbox 978 289 3189 357">
    <p class='ocr_par' dir='ltr' id='par_1_2' title="bbox 978 289 3189 357">
     <span class='ocr_line' id='line_1_2' title="bbox 978 289 3189 357; baseline -0.006 -1"><span class='ocrx_word' id='word_1_2' title='bbox 978 301 1178 357; x_wconf 66' lang='lat' dir='ltr'><strong>[illith</strong></span> <span class='ocrx_word' id='word_1_3' title='bbox 1225 294 1671 353; x_wconf 71' lang='lat' dir='ltr'><strong>\‘ENERABILIS</strong></span> <span class='ocrx_word' id='word_1_4' title='bbox 1710 289 1986 346; x_wconf 58' lang='lat' dir='ltr'><strong>OPERU”</strong></span> <span class='ocrx_word' id='word_1_5' title='bbox 2029 289 2202 348; x_wconf 72' lang='lat' dir='ltr'><strong>PARS</strong></span> <span class='ocrx_word' id='word_1_6' title='bbox 2243 293 2303 349; x_wconf 91' lang='lat' dir='ltr'><strong>ll.</strong></span> <span class='ocrx_word' id='word_1_7' title='bbox 2344 322 2410 334; x_wconf 93' lang='lat'><strong>—</strong></span> <span class='ocrx_word' id='word_1_8' title='bbox 2451 291 2833 348; x_wconf 74' lang='lat' dir='ltr'><strong>EXECETICA</strong></span> <span class='ocrx_word' id='word_1_9' title='bbox 2872 290 3189 347; x_wconf 66' lang='lat' dir='ltr'><strong>CENUINA.</strong></span> 
     </span>
    </p>
   </div>
   <div class='ocr_carea' id='block_1_3' title="bbox 3601 288 3697 343">
    <p class='ocr_par' dir='ltr' id='par_1_3' title="bbox 3601 288 3697 343">
     <span class='ocr_line' id='line_1_3' title="bbox 3601 288 3697 343; baseline 0 -1"><span class='ocrx_word' id='word_1_10' title='bbox 3601 288 3697 343; x_wconf 72' lang='grc'><strong>518</strong></span> 
     </span>
    </p>
   </div>
   <div class='ocr_carea' id='block_1_4' title="bbox 498 402 3697 489">
    <p class='ocr_par' dir='ltr' id='par_1_4' title="bbox 498 402 3697 489">
     <span class='ocr_line' id='line_1_4' title="bbox 498 402 3697 489; baseline -0.007 -11"><span class='ocrx_word' id='word_1_11' title='bbox 498 424 663 478; x_wconf 81' lang='lat' dir='ltr'><strong>sterili</strong></span> <span class='ocrx_word' id='word_1_12' title='bbox 696 426 901 489; x_wconf 76' lang='lat' dir='ltr'><strong>putaret</strong></span> <span class='ocrx_word' id='word_1_13' title='bbox 922 430 1040 472; x_wconf 86' lang='lat' dir='ltr'><strong>esse</strong></span> <span class='ocrx_word' id='word_1_14' title='bbox 1067 412 1404 480; x_wconf 88' lang='lat' dir='ltr'><strong>sperandum.</strong></span> <span class='ocrx_word' id='word_1_15' title='bbox 1435 412 1541 464; x_wconf 89' lang='lat' dir='ltr'><strong>Iloe</strong></span> <span class='ocrx_word' id='word_1_16' title='bbox 1563 418 1664 471; x_wconf 86' lang='lat' dir='ltr'><strong>est,</strong></span> <span class='ocrx_word' id='word_1_17' title='bbox 1684 407 1728 460; x_wconf 73' lang='lat' dir='ltr'><strong>si</strong></span> <span class='ocrx_word' id='word_1_18' title='bbox 1757 420 1859 458; x_wconf 92' lang='lat' dir='ltr'><strong>non</strong></span> <span class='ocrx_word' id='word_1_19' title='bbox 1883 404 2040 456; x_wconf 86' lang='lat' dir='ltr'><strong>homo</strong></span> <span class='ocrx_word' id='word_1_20' title='bbox 2068 423 2114 481; x_wconf 72' lang='grc' dir='ltr'>Α</span> <span class='ocrx_word' id='word_1_21' title='bbox 2143 403 2246 458; x_wconf 87' lang='lat' dir='ltr'><strong>Sed</strong></span> <span class='ocrx_word' id='word_1_22' title='bbox 2277 415 2329 458; x_wconf 85' lang='lat' dir='ltr'><strong>et</strong></span> <span class='ocrx_word' id='word_1_23' title='bbox 2355 406 2597 460; x_wconf 87' lang='lat' dir='ltr'><strong>doctores</strong></span> <span class='ocrx_word' id='word_1_24' title='bbox 2626 406 2745 459; x_wconf 89' lang='lat' dir='ltr'><strong>mali</strong></span> <span class='ocrx_word' id='word_1_25' title='bbox 2776 405 3064 466; x_wconf 72' lang='lat' dir='ltr'><strong>deﬁniunt,</strong></span> <span class='ocrx_word' id='word_1_26' title='bbox 3093 414 3142 455; x_wconf 89' lang='lat' dir='ltr'><strong>et</strong></span> <span class='ocrx_word' id='word_1_27' title='bbox 3173 402 3273 456; x_wconf 87' lang='lat' dir='ltr'><strong>hoc</strong></span> <span class='ocrx_word' id='word_1_28' title='bbox 3303 415 3428 455; x_wconf 90' lang='lat' dir='ltr'><strong>cum</strong></span> <span class='ocrx_word' id='word_1_29' title='bbox 3465 403 3697 456; x_wconf 83' lang='lat' dir='ltr'><strong>mulieri-</strong></span> 
     </span>
    </p>
   </div>
   <div class='ocr_carea' id='block_1_5' title="bbox 500 491 2039 582">
    <p class='ocr_par' dir='ltr' id='par_1_5' title="bbox 500 491 2039 582">
     <span class='ocr_line' id='line_1_5' title="bbox 500 491 2039 582; baseline -0.014 -18"><span class='ocrx_word' id='word_1_30' title='bbox 500 530 592 582; x_wconf 71' lang='lat' dir='ltr'><strong>pt&#39;l&#39;</strong></span> <span class='ocrx_word' id='word_1_31' title='bbox 639 512 798 565; x_wconf 88' lang='lat' dir='ltr'><strong>Deum</strong></span> <span class='ocrx_word' id='word_1_32' title='bbox 839 507 1159 577; x_wconf 86' lang='lat' dir='ltr'><strong>gloriﬁcatus</strong></span> <span class='ocrx_word' id='word_1_33' title='bbox 1185 502 1247 553; x_wconf 84' lang='lat' dir='ltr'><strong>ad</strong></span> <span class='ocrx_word' id='word_1_34' title='bbox 1275 501 1549 554; x_wconf 87' lang='lat' dir='ltr'><strong>dexteram</strong></span> <span class='ocrx_word' id='word_1_35' title='bbox 1599 496 1768 551; x_wconf 85' lang='lat' dir='ltr'><strong>Patris</strong></span> <span class='ocrx_word' id='word_1_36' title='bbox 1808 491 2039 582; x_wconf 86' lang='lat' dir='ltr'><strong>sederet,</strong></span> 
     </span>
    </p>
   </div>
   <div class='ocr_carea' id='block_1_6' title="bbox 499 580 2040 670">
    <p class='ocr_par' dir='ltr' id='par_1_6' title="bbox 499 580 2040 670">
     <span class='ocr_line' id='line_1_6' title="bbox 499 580 2040 670; baseline -0.015 -17"><span class='ocrx_word' id='word_1_37' title='bbox 499 580 826 670; x_wconf 78' lang='lat' dir='ltr'><strong>nequaquam</strong></span> <span class='ocrx_word' id='word_1_38' title='bbox 852 595 1041 648; x_wconf 89' lang='lat' dir='ltr'><strong>misera</strong></span> <span class='ocrx_word' id='word_1_39' title='bbox 1065 590 1351 660; x_wconf 83' lang='lat' dir='ltr'><strong>gentilitas,</strong></span> <span class='ocrx_word' id='word_1_40' title='bbox 1377 597 1430 641; x_wconf 88' lang='lat' dir='ltr'><strong>et</strong></span> <span class='ocrx_word' id='word_1_41' title='bbox 1459 580 1909 652; x_wconf 70' lang='lat' dir='ltr'><strong>prmvaricationis</strong></span> <span class='ocrx_word' id='word_1_42' title='bbox 1932 594 2040 631; x_wconf 79' lang='lat' dir='ltr'><strong>sua:</strong></span> 
     </span>
    </p>
   </div>
   <div class='ocr_carea' id='block_1_7' title="bbox 498 671 2038 752">
    <p class='ocr_par' dir='ltr' id='par_1_7' title="bbox 498 671 2038 752">
     <span class='ocr_line' id='line_1_7' title="bbox 498 671 2038 752; baseline -0.015 -8"><span class='ocrx_word' id='word_1_43' title='bbox 498 692 732 752; x_wconf 86' lang='lat' dir='ltr'><strong>conseia,</strong></span> <span class='ocrx_word' id='word_1_44' title='bbox 756 687 819 738; x_wconf 86' lang='lat' dir='ltr'><strong>nd</strong></span> <span class='ocrx_word' id='word_1_45' title='bbox 850 681 1344 749; x_wconf 73' lang='lat' dir='ltr'><strong>multiplicationem</strong></span> <span class='ocrx_word' id='word_1_46' title='bbox 1367 677 1583 729; x_wconf 83' lang='lat' dir='ltr'><strong>seminis</strong></span> <span class='ocrx_word' id='word_1_47' title='bbox 1605 672 1822 725; x_wconf 68' lang='lat' dir='ltr'><strong>Abrahae</strong></span> <span class='ocrx_word' id='word_1_48' title='bbox 1846 671 2038 736; x_wconf 82' lang='lat' dir='ltr'><strong>potuis-</strong></span> 
     </span>
    </p>
   </div>
   <div class='ocr_carea' id='block_1_8' title="bbox 498 760 2044 846">
    <p class='ocr_par' dir='ltr' id='par_1_8' title="bbox 498 760 2044 846">
     <span class='ocr_line' id='line_1_8' title="bbox 498 760 2044 846; baseline -0.016 -12"><span class='ocrx_word' id='word_1_49' title='bbox 498 787 582 834; x_wconf 89' lang='lat' dir='ltr'><strong>set</strong></span> <span class='ocrx_word' id='word_1_50' title='bbox 625 777 942 846; x_wconf 72' lang='lat' dir='ltr'><strong>pertingere.</strong></span> <span class='ocrx_word' id='word_1_51' title='bbox 993 772 1061 824; x_wconf 78' lang='lat' dir='ltr'><strong>At</strong></span> <span class='ocrx_word' id='word_1_52' title='bbox 1103 769 1231 821; x_wconf 89' lang='lat' dir='ltr'><strong>dum</strong></span> <span class='ocrx_word' id='word_1_53' title='bbox 1278 767 1517 818; x_wconf 83' lang='lat' dir='ltr'><strong>Christus</strong></span> <span class='ocrx_word' id='word_1_54' title='bbox 1574 760 1785 814; x_wconf 86' lang='lat' dir='ltr'><strong>humani</strong></span> <span class='ocrx_word' id='word_1_55' title='bbox 1835 760 2044 828; x_wconf 90' lang='lat' dir='ltr'><strong>generis</strong></span> 
     </span>
    </p>
   </div>
   <div class='ocr_carea' id='block_1_9' title="bbox 499 846 2043 934">
    <p class='ocr_par' dir='ltr' id='par_1_9' title="bbox 499 846 2043 934">
     <span class='ocr_line' id='line_1_9' title="bbox 499 846 2043 934; baseline -0.014 -16"><span class='ocrx_word' id='word_1_56' title='bbox 499 863 744 934; x_wconf 65' lang='lat' dir='ltr'><strong>primitiae</strong></span> <span class='ocrx_word' id='word_1_57' title='bbox 777 862 882 914; x_wconf 86' lang='lat' dir='ltr'><strong>Deo</strong></span> <span class='ocrx_word' id='word_1_58' title='bbox 917 858 1054 911; x_wconf 77' lang='lat' dir='ltr'><strong>i‘atri</strong></span> <span class='ocrx_word' id='word_1_59' title='bbox 1088 854 1449 909; x_wconf 87' lang='lat' dir='ltr'><strong>commodatus</strong></span> <span class='ocrx_word' id='word_1_60' title='bbox 1481 861 1586 912; x_wconf 90' lang='lat' dir='ltr'><strong>est,</strong></span> <span class='ocrx_word' id='word_1_61' title='bbox 1619 850 1774 902; x_wconf 89' lang='lat' dir='ltr'><strong>datur</strong></span> <span class='ocrx_word' id='word_1_62' title='bbox 1798 846 2043 913; x_wconf 85' lang='lat' dir='ltr'><strong>exemplo</strong></span> 
     </span>
    </p>
   </div>
   <div class='ocr_carea' id='block_1_10' title="bbox 494 934 2037 1022">
    <p class='ocr_par' dir='ltr' id='par_1_10' title="bbox 494 934 2037 1022">
     <span class='ocr_line' id='line_1_10' title="bbox 494 934 2037 1022; baseline -0.014 -13"><span class='ocrx_word' id='word_1_63' title='bbox 494 958 608 1022; x_wconf 84' lang='lat' dir='ltr'><strong>ejus</strong></span> <span class='ocrx_word' id='word_1_64' title='bbox 637 951 878 1005; x_wconf 81' lang='lat' dir='ltr'><strong>ﬁdelibus</strong></span> <span class='ocrx_word' id='word_1_65' title='bbox 925 961 1045 1015; x_wconf 83' lang='lat' dir='ltr'><strong>spes</strong></span> <span class='ocrx_word' id='word_1_66' title='bbox 1086 944 1317 998; x_wconf 76' lang='lat' dir='ltr'><strong>salvandi</strong></span> <span class='ocrx_word' id='word_1_67' title='bbox 1367 957 1458 1011; x_wconf 88' lang='lat' dir='ltr'><strong>per</strong></span> <span class='ocrx_word' id='word_1_68' title='bbox 1506 942 1670 1002; x_wconf 89' lang='lat' dir='ltr'><strong>illum,</strong></span> <span class='ocrx_word' id='word_1_69' title='bbox 1724 934 1936 988; x_wconf 80' lang='lat' dir='ltr'><strong>vivendi</strong></span> <span class='ocrx_word' id='word_1_70' title='bbox 1987 935 2037 1022; x_wconf 90' lang='lat' dir='ltr'><strong>in</strong></span> 
     </span>
    </p>
   </div>
   <div class='ocr_carea' id='block_1_11' title="bbox 498 1021 2042 1108">
    <p class='ocr_par' dir='ltr' id='par_1_11' title="bbox 498 1021 2042 1108">
     <span class='ocr_line' id='line_1_11' title="bbox 498 1021 2042 1108; baseline -0.014 -11"><span class='ocrx_word' id='word_1_71' title='bbox 498 1021 611 1108; x_wconf 90' lang='lat' dir='ltr'><strong>illo,</strong></span> <span class='ocrx_word' id='word_1_72' title='bbox 642 1038 900 1094; x_wconf 90' lang='lat' dir='ltr'><strong>moriendi</strong></span> <span class='ocrx_word' id='word_1_73' title='bbox 951 1050 1046 1102; x_wconf 89' lang='lat' dir='ltr'><strong>pro</strong></span> <span class='ocrx_word' id='word_1_74' title='bbox 1093 1036 1200 1095; x_wconf 86' lang='lat' dir='ltr'><strong>illo,</strong></span> <span class='ocrx_word' id='word_1_75' title='bbox 1251 1029 1594 1085; x_wconf 85' lang='lat' dir='ltr'><strong>rcsuscitandi</strong></span> <span class='ocrx_word' id='word_1_76' title='bbox 1646 1027 1712 1080; x_wconf 82' lang='lat' dir='ltr'><strong>ab</strong></span> <span class='ocrx_word' id='word_1_77' title='bbox 1761 1025 1873 1088; x_wconf 92' lang='lat' dir='ltr'><strong>illo,</strong></span> <span class='ocrx_word' id='word_1_78' title='bbox 1913 1021 2042 1075; x_wconf 90' lang='lat' dir='ltr'><strong>etin</strong></span> 
     </span>
    </p>
   </div>
   <div class='ocr_carea' id='block_1_12' title="bbox 497 1113 2040 1193">
    <p class='ocr_par' dir='ltr' id='par_1_12' title="bbox 497 1113 2040 1193">
     <span class='ocr_line' id='line_1_12' title="bbox 497 1113 2040 1193; baseline -0.013 -8"><span class='ocrx_word' id='word_1_79' title='bbox 497 1145 753 1186; x_wconf 63' lang='lat' dir='ltr'><strong>aeternum</strong></span> <span class='ocrx_word' id='word_1_80' title='bbox 824 1126 1074 1193; x_wconf 81' lang='lat' dir='ltr'><strong>regnandi</strong></span> <span class='ocrx_word' id='word_1_81' title='bbox 1125 1138 1244 1176; x_wconf 89' lang='lat' dir='ltr'><strong>cum</strong></span> <span class='ocrx_word' id='word_1_82' title='bbox 1315 1122 1424 1174; x_wconf 82' lang='lat' dir='ltr'><strong>illo.</strong></span> <span class='ocrx_word' id='word_1_83' title='bbox 1477 1120 1656 1172; x_wconf 79' lang='lat' dir='ltr'><strong>Potest</strong></span> <span class='ocrx_word' id='word_1_84' title='bbox 1699 1125 1752 1168; x_wconf 85' lang='lat' dir='ltr'><strong>ct</strong></span> <span class='ocrx_word' id='word_1_85' title='bbox 1796 1117 1863 1167; x_wconf 86' lang='lat' dir='ltr'><strong>ita</strong></span> <span class='ocrx_word' id='word_1_86' title='bbox 1915 1113 2040 1177; x_wconf 84' lang='lat' dir='ltr'><strong>dici,</strong></span> 
     </span>
    </p>
   </div>
   <div class='ocr_carea' id='block_1_13' title="bbox 499 1205 2042 1287">
    <p class='ocr_par' dir='ltr' id='par_1_13' title="bbox 499 1205 2042 1287">
     <span class='ocr_line' id='line_1_13' title="bbox 499 1205 2042 1287; baseline -0.011 -15"><span class='ocrx_word' id='word_1_87' title='bbox 499 1220 634 1287; x_wconf 88' lang='lat' dir='ltr'><strong>quod</strong></span> <span class='ocrx_word' id='word_1_88' title='bbox 663 1216 892 1271; x_wconf 80' lang='lat' dir='ltr'><strong>Ecclesia</strong></span> <span class='ocrx_word' id='word_1_89' title='bbox 924 1229 1018 1283; x_wconf 91' lang='lat' dir='ltr'><strong>pro</strong></span> <span class='ocrx_word' id='word_1_90' title='bbox 1045 1213 1222 1266; x_wconf 77' lang='lat' dir='ltr'><strong>fenore</strong></span> <span class='ocrx_word' id='word_1_91' title='bbox 1250 1210 1387 1278; x_wconf 86' lang='lat' dir='ltr'><strong>quod</strong></span> <span class='ocrx_word' id='word_1_92' title='bbox 1418 1209 1638 1261; x_wconf 88' lang='lat' dir='ltr'><strong>Domino</strong></span> <span class='ocrx_word' id='word_1_93' title='bbox 1668 1205 2042 1268; x_wconf 56' lang='lat' dir='ltr'><strong>commodavit,</strong></span> 
     </span>
    </p>
   </div>
   <div class='ocr_carea' id='block_1_14' title="bbox 500 1292 2045 1364">
    <p class='ocr_par' dir='ltr' id='par_1_14' title="bbox 500 1292 2045 1364">
     <span class='ocr_line' id='line_1_14' title="bbox 500 1292 2045 1364; baseline -0.01 -5"><span class='ocrx_word' id='word_1_94' title='bbox 500 1320 678 1359; x_wconf 89' lang='lat' dir='ltr'><strong>semen</strong></span> <span class='ocrx_word' id='word_1_95' title='bbox 708 1305 772 1355; x_wconf 90' lang='lat' dir='ltr'><strong>ab</strong></span> <span class='ocrx_word' id='word_1_96' title='bbox 805 1303 892 1355; x_wconf 88' lang='lat' dir='ltr'><strong>illo</strong></span> <span class='ocrx_word' id='word_1_97' title='bbox 921 1303 1130 1363; x_wconf 90' lang='lat' dir='ltr'><strong>meruit,</strong></span> <span class='ocrx_word' id='word_1_98' title='bbox 1178 1313 1295 1350; x_wconf 91' lang='lat' dir='ltr'><strong>cum</strong></span> <span class='ocrx_word' id='word_1_99' title='bbox 1343 1311 1439 1364; x_wconf 90' lang='lat' dir='ltr'><strong>pro</strong></span> <span class='ocrx_word' id='word_1_100' title='bbox 1487 1295 1700 1362; x_wconf 87' lang='lat' dir='ltr'><strong>populo.</strong></span> <span class='ocrx_word' id='word_1_101' title='bbox 1734 1308 1888 1360; x_wconf 89' lang='lat' dir='ltr'><strong>quem</strong></span> <span class='ocrx_word' id='word_1_102' title='bbox 1920 1292 2045 1344; x_wconf 78' lang='lat' dir='ltr'><strong>ﬁde-</strong></span> 
     </span>
    </p>
   </div>
   <div class='ocr_carea' id='block_1_15' title="bbox 502 1382 2047 1452">
    <p class='ocr_par' dir='ltr' id='par_1_15' title="bbox 502 1382 2047 1452">
     <span class='ocr_line' id='line_1_15' title="bbox 502 1382 2047 1452; baseline -0.011 -5"><span class='ocrx_word' id='word_1_103' title='bbox 502 1396 604 1447; x_wconf 89' lang='lat' dir='ltr'><strong>lem</strong></span> <span class='ocrx_word' id='word_1_104' title='bbox 651 1393 869 1444; x_wconf 88' lang='lat' dir='ltr'><strong>Domino</strong></span> <span class='ocrx_word' id='word_1_105' title='bbox 919 1391 1274 1452; x_wconf 64' lang='lat' dir='ltr'><strong>dexotumque</strong></span> <span class='ocrx_word' id='word_1_106' title='bbox 1328 1385 1556 1446; x_wconf 88' lang='lat' dir='ltr'><strong>obtulit,</strong></span> <span class='ocrx_word' id='word_1_107' title='bbox 1606 1382 1898 1448; x_wconf 85' lang='lat' dir='ltr'><strong>ampliora,</strong></span> <span class='ocrx_word' id='word_1_108' title='bbox 1957 1394 2047 1446; x_wconf 88' lang='lat' dir='ltr'><strong>per</strong></span> 
     </span>
    </p>
   </div>
   <div class='ocr_carea' id='block_1_16' title="bbox 505 1467 2047 1544">
    <p class='ocr_par' dir='ltr' id='par_1_16' title="bbox 505 1467 2047 1544">
     <span class='ocr_line' id='line_1_16' title="bbox 505 1467 2047 1544; baseline -0.01 -9"><span class='ocrx_word' id='word_1_109' title='bbox 505 1482 753 1535; x_wconf 83' lang='lat' dir='ltr'><strong>tnuntlutn</strong></span> <span class='ocrx_word' id='word_1_110' title='bbox 788 1478 960 1530; x_wconf 79' lang='lat' dir='ltr'><strong>missis</strong></span> <span class='ocrx_word' id='word_1_111' title='bbox 991 1472 1426 1544; x_wconf 69' lang='lat' dir='ltr'><strong>praedicatoribus</strong></span> <span class='ocrx_word' id='word_1_112' title='bbox 1473 1471 1616 1530; x_wconf 82' lang='lat' dir='ltr'><strong>lidei,</strong></span> <span class='ocrx_word' id='word_1_113' title='bbox 1660 1479 1713 1522; x_wconf 88' lang='lat' dir='ltr'><strong>et</strong></span> <span class='ocrx_word' id='word_1_114' title='bbox 1753 1467 2047 1521; x_wconf 79' lang='lat' dir='ltr'><strong>devotiOnis</strong></span> 
     </span>
    </p>
   </div>
   <div class='ocr_carea' id='block_1_17' title="bbox 501 1559 2044 1635">
    <p class='ocr_par' dir='ltr' id='par_1_17' title="bbox 501 1559 2044 1635">
     <span class='ocr_line' id='line_1_17' title="bbox 501 1559 2044 1635; baseline -0.009 -14"><span class='ocrx_word' id='word_1_115' title='bbox 501 1573 637 1623; x_wconf 91' lang='lat' dir='ltr'><strong>dona</strong></span> <span class='ocrx_word' id='word_1_116' title='bbox 665 1567 931 1635; x_wconf 84' lang='lat' dir='ltr'><strong>suscepit;</strong></span> <span class='ocrx_word' id='word_1_117' title='bbox 981 1579 1094 1629; x_wconf 74' lang='lat' dir='ltr'><strong>qua:</strong></span> <span class='ocrx_word' id='word_1_118' title='bbox 1145 1567 1194 1616; x_wconf 88' lang='lat' dir='ltr'><strong>in</strong></span> <span class='ocrx_word' id='word_1_119' title='bbox 1245 1563 1641 1630; x_wconf 85' lang='lat' dir='ltr'><strong>quibuscunqne</strong></span> <span class='ocrx_word' id='word_1_120' title='bbox 1679 1559 1918 1626; x_wconf 75' lang='lat' dir='ltr'><strong>gentibus</strong></span> <span class='ocrx_word' id='word_1_121' title='bbox 1947 1571 2044 1608; x_wconf 88' lang='lat' dir='ltr'><strong>au-</strong></span> 
     </span>
    </p>
   </div>
   <div class='ocr_carea' id='block_1_18' title="bbox 507 1647 2047 1721">
    <p class='ocr_par' dir='ltr' id='par_1_18' title="bbox 507 1647 2047 1721">
     <span class='ocr_line' id='line_1_18' title="bbox 507 1647 2047 1721; baseline -0.008 -9"><span class='ocrx_word' id='word_1_122' title='bbox 507 1662 615 1713; x_wconf 89' lang='lat' dir='ltr'><strong>dito</strong></span> <span class='ocrx_word' id='word_1_123' title='bbox 647 1660 734 1713; x_wconf 86' lang='lat' dir='ltr'><strong>Dei</strong></span> <span class='ocrx_word' id='word_1_124' title='bbox 767 1658 925 1710; x_wconf 80' lang='lat' dir='ltr'><strong>verbo</strong></span> <span class='ocrx_word' id='word_1_125' title='bbox 955 1654 1173 1708; x_wconf 83' lang='lat' dir='ltr'><strong>obedire</strong></span> <span class='ocrx_word' id='word_1_126' title='bbox 1217 1653 1470 1721; x_wconf 76' lang='lat' dir='ltr'><strong>neglexit,</strong></span> <span class='ocrx_word' id='word_1_127' title='bbox 1521 1665 1616 1718; x_wconf 90' lang='lat' dir='ltr'><strong>pro</strong></span> <span class='ocrx_word' id='word_1_128' title='bbox 1660 1665 1762 1703; x_wconf 88' lang='lat' dir='ltr'><strong>non</strong></span> <span class='ocrx_word' id='word_1_129' title='bbox 1808 1648 1931 1702; x_wconf 91' lang='lat' dir='ltr'><strong>dato</strong></span> <span class='ocrx_word' id='word_1_130' title='bbox 1971 1647 2047 1700; x_wconf 82' lang='lat' dir='ltr'><strong>fe-</strong></span> 
     </span>
    </p>
   </div>
   <div class='ocr_carea' id='block_1_19' title="bbox 2144 489 3696 558">
    <p class='ocr_par' dir='ltr' id='par_1_19' title="bbox 2144 489 3696 558">
     <span class='ocr_line' id='line_1_19' title="bbox 2144 489 3696 558; baseline 0 -15"><span class='ocrx_word' id='word_1_131' title='bbox 2144 493 2243 544; x_wconf 91' lang='lat' dir='ltr'><strong>bus</strong></span> <span class='ocrx_word' id='word_1_132' title='bbox 2272 499 2387 556; x_wconf 68' lang='lat' dir='ltr'><strong>qua</strong></span> <span class='ocrx_word' id='word_1_133' title='bbox 2414 495 2698 547; x_wconf 72' lang='lat' dir='ltr'><strong>observant</strong></span> <span class='ocrx_word' id='word_1_134' title='bbox 2741 491 2806 545; x_wconf 92' lang='lat' dir='ltr'><strong>ad</strong></span> <span class='ocrx_word' id='word_1_135' title='bbox 2848 490 3039 545; x_wconf 92' lang='lat' dir='ltr'><strong>ostium</strong></span> <span class='ocrx_word' id='word_1_136' title='bbox 3084 489 3435 552; x_wconf 85' lang='lat' dir='ltr'><strong>tabernaculi.</strong></span> <span class='ocrx_word' id='word_1_137' title='bbox 3486 493 3696 558; x_wconf 83' lang='lat' dir='ltr'><strong>quando</strong></span> 
     </span>
    </p>
   </div>
   <div class='ocr_carea' id='block_1_20' title="bbox 2147 582 3692 651">
    <p class='ocr_par' dir='ltr' id='par_1_20' title="bbox 2147 582 3692 651">
     <span class='ocr_line' id='line_1_20' title="bbox 2147 582 3692 651; baseline -0.001 -15"><span class='ocrx_word' id='word_1_138' title='bbox 2147 584 2463 651; x_wconf 87' lang='lat' dir='ltr'><strong>pelliccntes</strong></span> <span class='ocrx_word' id='word_1_139' title='bbox 2487 585 2686 638; x_wconf 86' lang='lat' dir='ltr'><strong>animas</strong></span> <span class='ocrx_word' id='word_1_140' title='bbox 2713 583 3007 647; x_wconf 83' lang='lat' dir='ltr'><strong>instabiles,</strong></span> <span class='ocrx_word' id='word_1_141' title='bbox 3031 597 3128 637; x_wconf 90' lang='lat' dir='ltr'><strong>nec</strong></span> <span class='ocrx_word' id='word_1_142' title='bbox 3155 583 3250 650; x_wconf 89' lang='lat' dir='ltr'><strong>ipsi</strong></span> <span class='ocrx_word' id='word_1_143' title='bbox 3277 582 3500 644; x_wconf 79' lang='lat' dir='ltr'><strong>intrant,</strong></span> <span class='ocrx_word' id='word_1_144' title='bbox 3526 594 3692 648; x_wconf 59' lang='lat' dir='ltr'><strong>netis:</strong></span> 
     </span>
    </p>
   </div>
   <div class='ocr_carea' id='block_1_21' title="bbox 2146 669 3690 741">
    <p class='ocr_par' dir='ltr' id='par_1_21' title="bbox 2146 669 3690 741">
     <span class='ocr_line' id='line_1_21' title="bbox 2146 669 3690 741; baseline -0.003 -15"><span class='ocrx_word' id='word_1_145' title='bbox 2146 687 2236 726; x_wconf 89' lang='lat' dir='ltr'><strong>eos</strong></span> <span class='ocrx_word' id='word_1_146' title='bbox 2259 673 2348 741; x_wconf 90' lang='lat' dir='ltr'><strong>qni</strong></span> <span class='ocrx_word' id='word_1_147' title='bbox 2378 675 2557 726; x_wconf 90' lang='lat' dir='ltr'><strong>volunt</strong></span> <span class='ocrx_word' id='word_1_148' title='bbox 2585 675 2706 726; x_wconf 75' lang='lat' dir='ltr'><strong>vita:</strong></span> <span class='ocrx_word' id='word_1_149' title='bbox 2744 672 2939 725; x_wconf 89' lang='lat' dir='ltr'><strong>ostium</strong></span> <span class='ocrx_word' id='word_1_150' title='bbox 2970 674 3169 724; x_wconf 86' lang='lat' dir='ltr'><strong>intrare</strong></span> <span class='ocrx_word' id='word_1_151' title='bbox 3198 671 3532 739; x_wconf 76' lang='lat' dir='ltr'><strong>permittunt.</strong></span> <span class='ocrx_word' id='word_1_152' title='bbox 3570 669 3690 723; x_wconf 80' lang='lat' dir='ltr'><strong>Tale</strong></span> 
     </span>
    </p>
   </div>
   <div class='ocr_carea' id='block_1_22' title="bbox 2144 758 3686 830">
    <p class='ocr_par' dir='ltr' id='par_1_22' title="bbox 2144 758 3686 830">
     <span class='ocr_line' id='line_1_22' title="bbox 2144 758 3686 830; baseline -0.002 -16"><span class='ocrx_word' id='word_1_153' title='bbox 2144 771 2258 814; x_wconf 82' lang='lat' dir='ltr'><strong>erat</strong></span> <span class='ocrx_word' id='word_1_154' title='bbox 2295 762 2559 830; x_wconf 85' lang='lat' dir='ltr'><strong>quondam</strong></span> <span class='ocrx_word' id='word_1_155' title='bbox 2594 763 2840 829; x_wconf 69' lang='lat' dir='ltr'><strong>peritura</strong></span> <span class='ocrx_word' id='word_1_156' title='bbox 2867 762 3041 816; x_wconf 88' lang='lat' dir='ltr'><strong>scelus</strong></span> <span class='ocrx_word' id='word_1_157' title='bbox 3092 759 3372 812; x_wconf 66' lang='lat' dir='ltr'><strong>lharisaa</strong></span> <span class='ocrx_word' id='word_1_158' title='bbox 3413 758 3686 816; x_wconf 73' lang='lat' dir='ltr'><strong>factionis;</strong></span> 
     </span>
    </p>
   </div>
   <div class='ocr_carea' id='block_1_23' title="bbox 2152 846 3685 919">
    <p class='ocr_par' dir='ltr' id='par_1_23' title="bbox 2152 846 3685 919">
     <span class='ocr_line' id='line_1_23' title="bbox 2152 846 3685 919; baseline -0.001 -17"><span class='ocrx_word' id='word_1_159' title='bbox 2152 853 2254 903; x_wconf 87' lang='lat' dir='ltr'><strong>ta‘e</strong></span> <span class='ocrx_word' id='word_1_160' title='bbox 2292 862 2370 903; x_wconf 77' lang='lat' dir='ltr'><strong>t-st</strong></span> <span class='ocrx_word' id='word_1_161' title='bbox 2396 861 2450 904; x_wconf 90' lang='lat' dir='ltr'><strong>et</strong></span> <span class='ocrx_word' id='word_1_162' title='bbox 2478 865 2615 904; x_wconf 89' lang='lat' dir='ltr'><strong>nunc</strong></span> <span class='ocrx_word' id='word_1_163' title='bbox 2661 853 2713 904; x_wconf 91' lang='lat' dir='ltr'><strong>in</strong></span> <span class='ocrx_word' id='word_1_164' title='bbox 2767 850 2912 905; x_wconf 77' lang='lat' dir='ltr'><strong>falsis</strong></span> <span class='ocrx_word' id='word_1_165' title='bbox 2957 848 3342 919; x_wconf 59' lang='lat' dir='ltr'><strong>professorbus</strong></span> <span class='ocrx_word' id='word_1_166' title='bbox 3379 846 3685 901; x_wconf 80' lang='lat' dir='ltr'><strong>Christiana:</strong></span> 
     </span>
    </p>
   </div>
   <div class='ocr_carea' id='block_1_24' title="bbox 2145 940 2426 1006">
    <p class='ocr_par' dir='ltr' id='par_1_24' title="bbox 2145 940 2426 1006">
     <span class='ocr_line' id='line_1_24' title="bbox 2145 940 2426 1006; baseline 0 -14"><span class='ocrx_word' id='word_1_167' title='bbox 2145 940 2426 1006; x_wconf 64' lang='lat' dir='ltr'><strong>lCligiOniS.</strong></span> 
     </span>
    </p>
   </div>
   <div class='ocr_carea' id='block_1_25' title="bbox 2220 1026 3684 1098">
    <p class='ocr_par' dir='ltr' id='par_1_25' title="bbox 2220 1026 3684 1098">
     <span class='ocr_line' id='line_1_25' title="bbox 2220 1026 3684 1098; baseline -0.004 -19"><span class='ocrx_word' id='word_1_168' title='bbox 2220 1026 2279 1079; x_wconf 76' lang='lat' dir='ltr'><strong>Et</strong></span> <span class='ocrx_word' id='word_1_169' title='bbox 2331 1029 2461 1080; x_wconf 71' lang='lat' dir='ltr'><strong>dixit</strong></span> <span class='ocrx_word' id='word_1_170' title='bbox 2501 1028 2613 1081; x_wconf 86' lang='lat' dir='ltr'><strong>eis:</strong></span> <span class='ocrx_word' id='word_1_171' title='bbox 2648 1027 2816 1091; x_wconf 84' lang='lat' dir='ltr'><strong>Quare</strong></span> <span class='ocrx_word' id='word_1_172' title='bbox 2854 1028 3021 1097; x_wconf 79' lang='lat' dir='ltr'><strong>facitis</strong></span> <span class='ocrx_word' id='word_1_173' title='bbox 3059 1043 3139 1081; x_wconf 89' lang='lat' dir='ltr'><strong>res</strong></span> <span class='ocrx_word' id='word_1_174' title='bbox 3180 1026 3568 1098; x_wconf 70' lang='lat' dir='ltr'><strong>hujuscemodi?</strong></span> <span class='ocrx_word' id='word_1_175' title='bbox 3592 1035 3684 1076; x_wconf 74' lang='lat' dir='ltr'><strong>etc.</strong></span> 
     </span>
    </p>
   </div>
   <div class='ocr_carea' id='block_1_26' title="bbox 2145 1118 3683 1186">
    <p class='ocr_par' dir='ltr' id='par_1_26' title="bbox 2145 1118 3683 1186">
     <span class='ocr_line' id='line_1_26' title="bbox 2145 1118 3683 1186; baseline -0.005 -14"><span class='ocrx_word' id='word_1_176' title='bbox 2145 1118 2415 1186; x_wconf 85' lang='lat' dir='ltr'><strong>Corripuit</strong></span> <span class='ocrx_word' id='word_1_177' title='bbox 2439 1119 2579 1173; x_wconf 84' lang='lat' dir='ltr'><strong>deliri</strong></span> <span class='ocrx_word' id='word_1_178' title='bbox 2603 1129 2804 1185; x_wconf 50' lang='lat' dir='ltr'><strong>,uentes</strong></span> <span class='ocrx_word' id='word_1_179' title='bbox 2836 1120 2969 1173; x_wconf 84' lang='lat' dir='ltr'><strong>tilios</strong></span> <span class='ocrx_word' id='word_1_180' title='bbox 2999 1118 3132 1179; x_wconf 87' lang='lat' dir='ltr'><strong>llcli,</strong></span> <span class='ocrx_word' id='word_1_181' title='bbox 3152 1119 3242 1170; x_wconf 87' lang='lat' dir='ltr'><strong>sed</strong></span> <span class='ocrx_word' id='word_1_182' title='bbox 3268 1133 3371 1172; x_wconf 92' lang='lat' dir='ltr'><strong>non</strong></span> <span class='ocrx_word' id='word_1_183' title='bbox 3393 1118 3683 1168; x_wconf 78' lang='lat' dir='ltr'><strong>audierunt.</strong></span> 
     </span>
    </p>
   </div>
   <div class='ocr_carea' id='block_1_27' title="bbox 2148 1206 3684 1276">
    <p class='ocr_par' dir='ltr' id='par_1_27' title="bbox 2148 1206 3684 1276">
     <span class='ocr_line' id='line_1_27' title="bbox 2148 1206 3684 1276; baseline -0.003 -15"><span class='ocrx_word' id='word_1_184' title='bbox 2148 1209 2212 1261; x_wconf 78' lang='lat' dir='ltr'><strong>Et</strong></span> <span class='ocrx_word' id='word_1_185' title='bbox 2251 1211 2360 1276; x_wconf 87' lang='lat' dir='ltr'><strong>ipsa</strong></span> <span class='ocrx_word' id='word_1_186' title='bbox 2392 1215 2583 1263; x_wconf 86' lang='lat' dir='ltr'><strong>veteris</strong></span> <span class='ocrx_word' id='word_1_187' title='bbox 2629 1211 2884 1263; x_wconf 80' lang='lat' dir='ltr'><strong>institutio</strong></span> <span class='ocrx_word' id='word_1_188' title='bbox 2913 1210 3215 1272; x_wconf 79' lang='lat' dir='ltr'><strong>sacerdotii,</strong></span> <span class='ocrx_word' id='word_1_189' title='bbox 3259 1221 3384 1263; x_wconf 87' lang='lat' dir='ltr'><strong>suos</strong></span> <span class='ocrx_word' id='word_1_190' title='bbox 3426 1206 3684 1259; x_wconf 72' lang='lat' dir='ltr'><strong>ministros</strong></span> 
     </span>
    </p>
   </div>
   <div class='ocr_carea' id='block_1_28' title="bbox 2142 1296 3685 1365">
    <p class='ocr_par' dir='ltr' id='par_1_28' title="bbox 2142 1296 3685 1365">
     <span class='ocr_line' id='line_1_28' title="bbox 2142 1296 3685 1365; baseline -0.001 -15"><span class='ocrx_word' id='word_1_191' title='bbox 2142 1298 2291 1364; x_wconf 84' lang='lat' dir='ltr'><strong>jubet</strong></span> <span class='ocrx_word' id='word_1_192' title='bbox 2322 1311 2443 1351; x_wconf 87' lang='lat' dir='ltr'><strong>esse</strong></span> <span class='ocrx_word' id='word_1_193' title='bbox 2474 1297 2769 1365; x_wconf 79' lang='lat' dir='ltr'><strong>pet-lectos;</strong></span> <span class='ocrx_word' id='word_1_194' title='bbox 2797 1298 2888 1350; x_wconf 84' lang='lat' dir='ltr'><strong>sed</strong></span> <span class='ocrx_word' id='word_1_195' title='bbox 2921 1300 3134 1360; x_wconf 64' lang='lat' dir='ltr'><strong>scriba,</strong></span> <span class='ocrx_word' id='word_1_196' title='bbox 3167 1296 3408 1364; x_wconf 69' lang='lat' dir='ltr'><strong>pharisci</strong></span> <span class='ocrx_word' id='word_1_197' title='bbox 3449 1306 3507 1348; x_wconf 84' lang='lat' dir='ltr'><strong>et</strong></span> <span class='ocrx_word' id='word_1_198' title='bbox 3546 1296 3685 1360; x_wconf 83' lang='lat' dir='ltr'><strong>prin-</strong></span> 
     </span>
    </p>
   </div>
   <div class='ocr_carea' id='block_1_29' title="bbox 2147 1385 3687 1455">
    <p class='ocr_par' dir='ltr' id='par_1_29' title="bbox 2147 1385 3687 1455">
     <span class='ocr_line' id='line_1_29' title="bbox 2147 1385 3687 1455; baseline -0.002 -17"><span class='ocrx_word' id='word_1_199' title='bbox 2147 1385 2291 1455; x_wconf 86' lang='lat' dir='ltr'><strong>cipes</strong></span> <span class='ocrx_word' id='word_1_200' title='bbox 2341 1392 2676 1441; x_wconf 74' lang='lat' dir='ltr'><strong>sacerdotum</strong></span> <span class='ocrx_word' id='word_1_201' title='bbox 2724 1388 2982 1455; x_wconf 89' lang='lat' dir='ltr'><strong>improbi,</strong></span> <span class='ocrx_word' id='word_1_202' title='bbox 3025 1399 3294 1455; x_wconf 73' lang='lat' dir='ltr'><strong>paternam</strong></span> <span class='ocrx_word' id='word_1_203' title='bbox 3322 1399 3433 1438; x_wconf 74' lang='lat' dir='ltr'><strong>sua:</strong></span> <span class='ocrx_word' id='word_1_204' title='bbox 3463 1385 3593 1453; x_wconf 72' lang='lat' dir='ltr'><strong>tegis</strong></span> <span class='ocrx_word' id='word_1_205' title='bbox 3633 1397 3687 1435; x_wconf 78' lang='lat' dir='ltr'><strong>ac</strong></span> 
     </span>
    </p>
   </div>
   <div class='ocr_carea' id='block_1_30' title="bbox 2148 1474 3686 1546">
    <p class='ocr_par' dir='ltr' id='par_1_30' title="bbox 2148 1474 3686 1546">
     <span class='ocr_line' id='line_1_30' title="bbox 2148 1474 3686 1546; baseline -0.003 -15"><span class='ocrx_word' id='word_1_206' title='bbox 2148 1478 2424 1531; x_wconf 51' lang='lat' dir='ltr'><strong>sacerdotii</strong></span> <span class='ocrx_word' id='word_1_207' title='bbox 2448 1492 2627 1532; x_wconf 89' lang='lat' dir='ltr'><strong>vocem</strong></span> <span class='ocrx_word' id='word_1_208' title='bbox 2654 1479 2863 1546; x_wconf 87' lang='lat' dir='ltr'><strong>perituri</strong></span> <span class='ocrx_word' id='word_1_209' title='bbox 2885 1479 3310 1532; x_wconf 70' lang='lat' dir='ltr'><strong>cotttemnebant.</strong></span> <span class='ocrx_word' id='word_1_210' title='bbox 3329 1474 3525 1528; x_wconf 73' lang='lat' dir='ltr'><strong>Verum</strong></span> <span class='ocrx_word' id='word_1_211' title='bbox 3545 1474 3686 1542; x_wconf 62' lang='lat' dir='ltr'><strong>juxta</strong></span> 
     </span>
    </p>
   </div>
   <div class='ocr_carea' id='block_1_31' title="bbox 2150 1565 3687 1638">
    <p class='ocr_par' dir='ltr' id='par_1_31' title="bbox 2150 1565 3687 1638">
     <span class='ocr_line' id='line_1_31' title="bbox 2150 1565 3687 1638; baseline -0.005 -14"><span class='ocrx_word' id='word_1_212' title='bbox 2150 1571 2376 1624; x_wconf 83' lang='lat' dir='ltr'><strong>litteram</strong></span> <span class='ocrx_word' id='word_1_213' title='bbox 2405 1584 2506 1622; x_wconf 90' lang='lat' dir='ltr'><strong>non</strong></span> <span class='ocrx_word' id='word_1_214' title='bbox 2537 1569 2865 1638; x_wconf 75' lang='lat' dir='ltr'><strong>negligenter</strong></span> <span class='ocrx_word' id='word_1_215' title='bbox 2908 1568 3236 1638; x_wconf 82' lang='lat' dir='ltr'><strong>intuendum,</strong></span> <span class='ocrx_word' id='word_1_216' title='bbox 3259 1565 3398 1634; x_wconf 90' lang='lat' dir='ltr'><strong>quod</strong></span> <span class='ocrx_word' id='word_1_217' title='bbox 3442 1566 3687 1631; x_wconf 85' lang='lat' dir='ltr'><strong>corripuit</strong></span> 
     </span>
    </p>
   </div>
   <div class='ocr_carea' id='block_1_32' title="bbox 2150 1637 3690 1725">
    <p class='ocr_par' dir='ltr' id='par_1_32' title="bbox 2150 1637 3690 1725">
     <span class='ocr_line' id='line_1_32' title="bbox 2150 1637 3690 1725; baseline -0.003 -18"><span class='ocrx_word' id='word_1_218' title='bbox 2150 1657 2358 1725; x_wconf 79' lang='lat' dir='ltr'><strong>quidem</strong></span> <span class='ocrx_word' id='word_1_219' title='bbox 2384 1657 2519 1709; x_wconf 86' lang='lat' dir='ltr'><strong>ﬁlios</strong></span> <span class='ocrx_word' id='word_1_220' title='bbox 2544 1637 2657 1710; x_wconf 80' lang='lat' dir='ltr'><strong>lleli</strong></span> <span class='ocrx_word' id='word_1_221' title='bbox 2678 1673 2691 1720; x_wconf 93' lang='lat'><strong>;</strong></span> <span class='ocrx_word' id='word_1_222' title='bbox 2716 1655 2806 1710; x_wconf 82' lang='lat' dir='ltr'><strong>sed</strong></span> <span class='ocrx_word' id='word_1_223' title='bbox 2833 1657 2953 1725; x_wconf 67' lang='lat' dir='ltr'><strong>quia</strong></span> <span class='ocrx_word' id='word_1_224' title='bbox 2970 1657 3116 1724; x_wconf 87' lang='lat' dir='ltr'><strong>juxta</strong></span> <span class='ocrx_word' id='word_1_225' title='bbox 3141 1637 3530 1720; x_wconf 82' lang='lat' dir='ltr'><strong>correptionem</strong></span> <span class='ocrx_word' id='word_1_226' title='bbox 3549 1667 3690 1718; x_wconf 80' lang='lat' dir='ltr'><strong>sper-</strong></span> 
     </span>
    </p>
   </div>
   <div class='ocr_carea' id='block_1_33' title="bbox 503 1736 3685 1834">
    <p class='ocr_par' dir='ltr' id='par_1_33' title="bbox 503 1736 3685 1834">
     <span class='ocr_line' id='line_1_33' title="bbox 503 1736 3685 1834; baseline -0.006 -21"><span class='ocrx_word' id='word_1_227' title='bbox 503 1767 631 1804; x_wconf 75' lang='lat' dir='ltr'><strong>Imre</strong></span> <span class='ocrx_word' id='word_1_228' title='bbox 666 1750 808 1802; x_wconf 64' lang='lat' dir='ltr'><strong>verbi</strong></span> <span class='ocrx_word' id='word_1_229' title='bbox 852 1748 1094 1805; x_wconf 71' lang='grc' dir='ltr'><strong>υοῐηίηοο</strong></span> <span class='ocrx_word' id='word_1_230' title='bbox 1145 1745 1368 1811; x_wconf 67' lang='grc' dir='ltr'><strong>τυρυιεῖε</strong></span> <span class='ocrx_word' id='word_1_231' title='bbox 1397 1758 1424 1794; x_wconf 80' lang='grc'>³</span> <span class='ocrx_word' id='word_1_232' title='bbox 1454 1755 1513 1794; x_wconf 68' lang='grc' dir='ltr'><strong>δε</strong></span> <span class='ocrx_word' id='word_1_233' title='bbox 1539 1737 1862 1801; x_wconf 56' lang='lat' dir='ltr'><strong>“Clonin”.</strong></span> <span class='ocrx_word' id='word_1_234' title='bbox 1892 1738 2049 1834; x_wconf 66' lang='lat' dir='ltr'><strong>Sfmi-</strong></span> <span class='ocrx_word' id='word_1_235' title='bbox 2081 1736 2125 1794; x_wconf 81' lang='grc' dir='ltr'><strong>Β</strong></span> <span class='ocrx_word' id='word_1_236' title='bbox 2152 1756 2356 1809; x_wconf 83' lang='lat' dir='ltr'><strong>nentes,</strong></span> <span class='ocrx_word' id='word_1_237' title='bbox 2390 1755 2446 1798; x_wconf 95' lang='lat' dir='ltr'><strong>ut</strong></span> <span class='ocrx_word' id='word_1_238' title='bbox 2473 1747 2785 1812; x_wconf 79' lang='lat' dir='ltr'><strong>debuerant,</strong></span> <span class='ocrx_word' id='word_1_239' title='bbox 2831 1745 3058 1814; x_wconf 84' lang='lat' dir='ltr'><strong>abjicere</strong></span> <span class='ocrx_word' id='word_1_240' title='bbox 3096 1743 3408 1811; x_wconf 68' lang='lat' dir='ltr'><strong>supersedit,</strong></span> <span class='ocrx_word' id='word_1_241' title='bbox 3441 1756 3545 1793; x_wconf 86' lang='lat' dir='ltr'><strong>una</strong></span> <span class='ocrx_word' id='word_1_242' title='bbox 3575 1754 3685 1793; x_wconf 65' lang='lat' dir='ltr'><strong>enim</strong></span> 
     </span>
    </p>
   </div>
   <div class='ocr_carea' id='block_1_34' title="bbox 501 1833 1808 1907">
    <p class='ocr_par' dir='ltr' id='par_1_34' title="bbox 501 1833 1808 1907">
     <span class='ocr_line' id='line_1_34' title="bbox 501 1833 1808 1907; baseline -0.01 -8"><span class='ocrx_word' id='word_1_243' title='bbox 501 1847 581 1899; x_wconf 85' lang='lat' dir='ltr'><strong>nis</strong></span> <span class='ocrx_word' id='word_1_244' title='bbox 607 1844 774 1897; x_wconf 81' lang='lat' dir='ltr'><strong>sancti</strong></span> <span class='ocrx_word' id='word_1_245' title='bbox 806 1838 1300 1907; x_wconf 86' lang='lat' dir='ltr'><strong>multiplicationem</strong></span> <span class='ocrx_word' id='word_1_246' title='bbox 1332 1835 1526 1888; x_wconf 84' lang='lat' dir='ltr'><strong>habere</strong></span> <span class='ocrx_word' id='word_1_247' title='bbox 1555 1833 1808 1899; x_wconf 77' lang='lat' dir='ltr'><strong>nequivit.</strong></span> 
     </span>
    </p>
   </div>
   <div class='ocr_carea' id='block_1_35' title="bbox 573 1921 2048 1999">
    <p class='ocr_par' dir='ltr' id='par_1_35' title="bbox 573 1921 2048 1999">
     <span class='ocr_line' id='line_1_35' title="bbox 573 1921 2048 1999; baseline -0.007 -14"><span class='ocrx_word' id='word_1_248' title='bbox 573 1934 902 1999; x_wconf 81' lang='lat' dir='ltr'><strong>Ditacitergo</strong></span> <span class='ocrx_word' id='word_1_249' title='bbox 940 1929 1185 1981; x_wconf 84' lang='lat' dir='ltr'><strong>Dominus</strong></span> <span class='ocrx_word' id='word_1_250' title='bbox 1223 1926 1438 1986; x_wconf 79' lang='lat' dir='ltr'><strong>Annam,</strong></span> <span class='ocrx_word' id='word_1_251' title='bbox 1471 1935 1574 1977; x_wconf 88' lang='lat' dir='ltr'><strong>etc.</strong></span> <span class='ocrx_word' id='word_1_252' title='bbox 1615 1922 1764 1975; x_wconf 88' lang='lat' dir='ltr'><strong>Dedit</strong></span> <span class='ocrx_word' id='word_1_253' title='bbox 1798 1921 2048 1975; x_wconf 84' lang='lat' dir='ltr'><strong>Dominus</strong></span> 
     </span>
    </p>
   </div>
   <div class='ocr_carea' id='block_1_36' title="bbox 505 2012 2047 2087">
    <p class='ocr_par' dir='ltr' id='par_1_36' title="bbox 505 2012 2047 2087">
     <span class='ocr_line' id='line_1_36' title="bbox 505 2012 2047 2087; baseline -0.009 -8"><span class='ocrx_word' id='word_1_254' title='bbox 505 2023 750 2079; x_wconf 64' lang='lat' dir='ltr'><strong>Ecclesiae</strong></span> <span class='ocrx_word' id='word_1_255' title='bbox 773 2021 1025 2087; x_wconf 82' lang='lat' dir='ltr'><strong>Spiritum</strong></span> <span class='ocrx_word' id='word_1_256' title='bbox 1068 2016 1249 2084; x_wconf 69' lang='lat' dir='ltr'><strong>gratiae</strong></span> <span class='ocrx_word' id='word_1_257' title='bbox 1289 2029 1417 2076; x_wconf 70' lang='lat' dir='ltr'><strong>sum,</strong></span> <span class='ocrx_word' id='word_1_258' title='bbox 1460 2029 1562 2082; x_wconf 90' lang='lat' dir='ltr'><strong>quo</strong></span> <span class='ocrx_word' id='word_1_259' title='bbox 1605 2015 1712 2080; x_wconf 89' lang='lat' dir='ltr'><strong>ipsa</strong></span> <span class='ocrx_word' id='word_1_260' title='bbox 1755 2012 2047 2065; x_wconf 69' lang='lat' dir='ltr'><strong>ltecunitata</strong></span> 
     </span>
    </p>
   </div>
   <div class='ocr_carea' id='block_1_37' title="bbox 503 2103 2048 2181">
    <p class='ocr_par' dir='ltr' id='par_1_37' title="bbox 503 2103 2048 2181">
     <span class='ocr_line' id='line_1_37' title="bbox 503 2103 2048 2181; baseline -0.008 -15"><span class='ocrx_word' id='word_1_261' title='bbox 503 2115 683 2181; x_wconf 89' lang='lat' dir='ltr'><strong>genuit</strong></span> <span class='ocrx_word' id='word_1_262' title='bbox 713 2111 762 2164; x_wconf 91' lang='lat' dir='ltr'><strong>ei</strong></span> <span class='ocrx_word' id='word_1_263' title='bbox 794 2109 1028 2162; x_wconf 83' lang='lat' dir='ltr'><strong>sobolem</strong></span> <span class='ocrx_word' id='word_1_264' title='bbox 1057 2105 1410 2173; x_wconf 83' lang='lat' dir='ltr'><strong>spiritualcm,</strong></span> <span class='ocrx_word' id='word_1_265' title='bbox 1443 2105 1629 2172; x_wconf 83' lang='lat' dir='ltr'><strong>partim</strong></span> <span class='ocrx_word' id='word_1_266' title='bbox 1663 2104 1726 2154; x_wconf 88' lang='lat' dir='ltr'><strong>ad</strong></span> <span class='ocrx_word' id='word_1_267' title='bbox 1758 2103 2048 2173; x_wconf 71' lang='lat' dir='ltr'><strong>indaganda</strong></span> 
     </span>
    </p>
   </div>
   <div class='ocr_carea' id='block_1_38' title="bbox 508 2194 2052 2266">
    <p class='ocr_par' dir='ltr' id='par_1_38' title="bbox 508 2194 2052 2266">
     <span class='ocr_line' id='line_1_38' title="bbox 508 2194 2052 2266; baseline -0.006 -14"><span class='ocrx_word' id='word_1_268' title='bbox 508 2204 589 2255; x_wconf 85' lang='lat' dir='ltr'><strong>vel</strong></span> <span class='ocrx_word' id='word_1_269' title='bbox 625 2197 954 2266; x_wconf 69' lang='lat' dir='ltr'><strong>pnedicanda</strong></span> <span class='ocrx_word' id='word_1_270' title='bbox 982 2205 1178 2251; x_wconf 68' lang='lat' dir='ltr'><strong>sancte</strong></span> <span class='ocrx_word' id='word_1_271' title='bbox 1208 2194 1480 2248; x_wconf 77' lang='lat' dir='ltr'><strong>Trinitatis</strong></span> <span class='ocrx_word' id='word_1_272' title='bbox 1507 2203 1833 2246; x_wconf 88' lang='lat' dir='ltr'><strong>sacramenta</strong></span> <span class='ocrx_word' id='word_1_273' title='bbox 1869 2204 2052 2261; x_wconf 83' lang='lat' dir='ltr'><strong>poten-</strong></span> 
     </span>
    </p>
   </div>
   <div class='ocr_carea' id='block_1_39' title="bbox 512 2283 2052 2356">
    <p class='ocr_par' dir='ltr' id='par_1_39' title="bbox 512 2283 2052 2356">
     <span class='ocr_line' id='line_1_39' title="bbox 512 2283 2052 2356; baseline -0.006 -11"><span class='ocrx_word' id='word_1_274' title='bbox 512 2303 731 2351; x_wconf 88' lang='lat' dir='ltr'><strong>tentem.</strong></span> <span class='ocrx_word' id='word_1_275' title='bbox 783 2288 972 2356; x_wconf 84' lang='lat' dir='ltr'><strong>partim</strong></span> <span class='ocrx_word' id='word_1_276' title='bbox 1002 2302 1120 2340; x_wconf 91' lang='lat' dir='ltr'><strong>cum</strong></span> <span class='ocrx_word' id='word_1_277' title='bbox 1153 2285 1382 2354; x_wconf 80' lang='lat' dir='ltr'><strong>perfecto</strong></span> <span class='ocrx_word' id='word_1_278' title='bbox 1418 2285 1507 2339; x_wconf 90' lang='lat' dir='ltr'><strong>Dei</strong></span> <span class='ocrx_word' id='word_1_279' title='bbox 1533 2294 1586 2338; x_wconf 90' lang='lat' dir='ltr'><strong>et</strong></span> <span class='ocrx_word' id='word_1_280' title='bbox 1615 2283 1840 2353; x_wconf 80' lang='lat' dir='ltr'><strong>proximi</strong></span> <span class='ocrx_word' id='word_1_281' title='bbox 1872 2298 2052 2336; x_wconf 87' lang='lat' dir='ltr'><strong>arnore</strong></span> 
     </span>
    </p>
   </div>
   <div class='ocr_carea' id='block_1_40' title="bbox 510 2374 2056 2446">
    <p class='ocr_par' dir='ltr' id='par_1_40' title="bbox 510 2374 2056 2446">
     <span class='ocr_line' id='line_1_40' title="bbox 510 2374 2056 2446; baseline -0.006 -12"><span class='ocrx_word' id='word_1_282' title='bbox 510 2397 604 2435; x_wconf 85' lang='lat' dir='ltr'><strong>sua</strong></span> <span class='ocrx_word' id='word_1_283' title='bbox 637 2380 969 2445; x_wconf 74' lang='lat' dir='ltr'><strong>simplicitate</strong></span> <span class='ocrx_word' id='word_1_284' title='bbox 998 2386 1351 2446; x_wconf 84' lang='lat' dir='ltr'><strong>contemptam</strong></span> <span class='ocrx_word' id='word_1_285' title='bbox 1376 2393 1390 2441; x_wconf 89' lang='lat'><strong>;</strong></span> <span class='ocrx_word' id='word_1_286' title='bbox 1419 2376 1538 2444; x_wconf 84' lang='lat' dir='ltr'><strong>quia</strong></span> <span class='ocrx_word' id='word_1_287' title='bbox 1563 2383 1805 2441; x_wconf 87' lang='lat' dir='ltr'><strong>suscepta</strong></span> <span class='ocrx_word' id='word_1_288' title='bbox 1829 2374 1894 2426; x_wconf 89' lang='lat' dir='ltr'><strong>ad</strong></span> <span class='ocrx_word' id='word_1_289' title='bbox 1925 2383 2056 2427; x_wconf 86' lang='lat' dir='ltr'><strong>tem-</strong></span> 
     </span>
    </p>
   </div>
   <div class='ocr_carea' id='block_1_41' title="bbox 507 2463 2052 2536">
    <p class='ocr_par' dir='ltr' id='par_1_41' title="bbox 507 2463 2052 2536">
     <span class='ocr_line' id='line_1_41' title="bbox 507 2463 2052 2536; baseline -0.006 -12"><span class='ocrx_word' id='word_1_290' title='bbox 507 2485 605 2536; x_wconf 86' lang='lat' dir='ltr'><strong>pus</strong></span> <span class='ocrx_word' id='word_1_291' title='bbox 633 2487 660 2522; x_wconf 88' lang='lat' dir='ltr'><strong>a</strong></span> <span class='ocrx_word' id='word_1_292' title='bbox 689 2470 900 2523; x_wconf 88' lang='lat' dir='ltr'><strong>Christo</strong></span> <span class='ocrx_word' id='word_1_293' title='bbox 928 2467 1305 2522; x_wconf 85' lang='lat' dir='ltr'><strong>incarnationis</strong></span> <span class='ocrx_word' id='word_1_294' title='bbox 1337 2466 1629 2528; x_wconf 87' lang='lat' dir='ltr'><strong>humilitas,</strong></span> <span class='ocrx_word' id='word_1_295' title='bbox 1663 2464 1838 2530; x_wconf 88' lang='lat' dir='ltr'><strong>magni</strong></span> <span class='ocrx_word' id='word_1_296' title='bbox 1873 2463 2052 2514; x_wconf 85' lang='lat' dir='ltr'><strong>habita</strong></span> 
     </span>
    </p>
   </div>
   <div class='ocr_carea' id='block_1_42' title="bbox 507 2551 2059 2628">
    <p class='ocr_par' dir='ltr' id='par_1_42' title="bbox 507 2551 2059 2628">
     <span class='ocr_line' id='line_1_42' title="bbox 507 2551 2059 2628; baseline -0.009 -12"><span class='ocrx_word' id='word_1_297' title='bbox 507 2569 588 2616; x_wconf 88' lang='lat' dir='ltr'><strong>est</strong></span> <span class='ocrx_word' id='word_1_298' title='bbox 609 2560 742 2628; x_wconf 89' lang='lat' dir='ltr'><strong>apud</strong></span> <span class='ocrx_word' id='word_1_299' title='bbox 776 2557 980 2611; x_wconf 80' lang='lat' dir='ltr'><strong>l‘atretn</strong></span> <span class='ocrx_word' id='word_1_300' title='bbox 1008 2575 1023 2622; x_wconf 88' lang='lat'><strong>;</strong></span> <span class='ocrx_word' id='word_1_301' title='bbox 1062 2572 1090 2610; x_wconf 87' lang='lat' dir='ltr'><strong>a</strong></span> <span class='ocrx_word' id='word_1_302' title='bbox 1119 2571 1222 2624; x_wconf 89' lang='lat' dir='ltr'><strong>quo</strong></span> <span class='ocrx_word' id='word_1_303' title='bbox 1249 2556 1411 2608; x_wconf 83' lang='lat' dir='ltr'><strong>omnis</strong></span> <span class='ocrx_word' id='word_1_304' title='bbox 1440 2555 1526 2620; x_wconf 83' lang='lat' dir='ltr'><strong>qni</strong></span> <span class='ocrx_word' id='word_1_305' title='bbox 1552 2568 1605 2604; x_wconf 87' lang='lat' dir='ltr'><strong>se</strong></span> <span class='ocrx_word' id='word_1_306' title='bbox 1634 2551 1886 2614; x_wconf 71' lang='lat' dir='ltr'><strong>transiliat,</strong></span> <span class='ocrx_word' id='word_1_307' title='bbox 1920 2552 2059 2604; x_wconf 78' lang='lat' dir='ltr'><strong>ea:an</strong></span> 
     </span>
    </p>
   </div>
   <div class='ocr_carea' id='block_1_43' title="bbox 511 2639 2059 2715">
    <p class='ocr_par' dir='ltr' id='par_1_43' title="bbox 511 2639 2059 2715">
     <span class='ocr_line' id='line_1_43' title="bbox 511 2639 2059 2715; baseline -0.006 -14"><span class='ocrx_word' id='word_1_308' title='bbox 511 2649 692 2701; x_wconf 74' lang='lat' dir='ltr'><strong>labitur</strong></span> <span class='ocrx_word' id='word_1_309' title='bbox 734 2647 884 2715; x_wconf 85' lang='lat' dir='ltr'><strong>(Luc.</strong></span> <span class='ocrx_word' id='word_1_310' title='bbox 927 2646 1058 2714; x_wconf 86' lang='lat' dir='ltr'><strong>xtv).</strong></span> <span class='ocrx_word' id='word_1_311' title='bbox 1110 2644 1258 2699; x_wconf 84' lang='lat' dir='ltr'><strong>Unde</strong></span> <span class='ocrx_word' id='word_1_312' title='bbox 1299 2651 1352 2697; x_wconf 88' lang='lat' dir='ltr'><strong>et</strong></span> <span class='ocrx_word' id='word_1_313' title='bbox 1391 2643 1446 2693; x_wconf 84' lang='lat' dir='ltr'><strong>in</strong></span> <span class='ocrx_word' id='word_1_314' title='bbox 1467 2656 1660 2692; x_wconf 81' lang='lat' dir='ltr'><strong>omnem</strong></span> <span class='ocrx_word' id='word_1_315' title='bbox 1686 2650 1868 2692; x_wconf 83' lang='lat' dir='ltr'><strong>terram</strong></span> <span class='ocrx_word' id='word_1_316' title='bbox 1912 2639 2059 2692; x_wconf 73' lang='lat' dir='ltr'><strong>exivit</strong></span> 
     </span>
    </p>
   </div>
   <div class='ocr_carea' id='block_1_44' title="bbox 509 2729 2060 2801">
    <p class='ocr_par' dir='ltr' id='par_1_44' title="bbox 509 2729 2060 2801">
     <span class='ocr_line' id='line_1_44' title="bbox 509 2729 2060 2801; baseline -0.004 -13"><span class='ocrx_word' id='word_1_317' title='bbox 509 2752 661 2788; x_wconf 85' lang='lat' dir='ltr'><strong>sonus</strong></span> <span class='ocrx_word' id='word_1_318' title='bbox 704 2751 895 2796; x_wconf 81' lang='lat' dir='ltr'><strong>eorum,</strong></span> <span class='ocrx_word' id='word_1_319' title='bbox 948 2744 993 2788; x_wconf 88' lang='lat' dir='ltr'><strong>et</strong></span> <span class='ocrx_word' id='word_1_320' title='bbox 1057 2735 1108 2787; x_wconf 87' lang='lat' dir='ltr'><strong>in</strong></span> <span class='ocrx_word' id='word_1_321' title='bbox 1156 2733 1282 2801; x_wconf 77' lang='lat' dir='ltr'><strong>ﬁnes</strong></span> <span class='ocrx_word' id='word_1_322' title='bbox 1329 2732 1460 2785; x_wconf 80' lang='lat' dir='ltr'><strong>orbis</strong></span> <span class='ocrx_word' id='word_1_323' title='bbox 1511 2741 1657 2784; x_wconf 75' lang='lat' dir='ltr'><strong>teme</strong></span> <span class='ocrx_word' id='word_1_324' title='bbox 1698 2729 1842 2783; x_wconf 61' lang='lat' dir='ltr'><strong>verba</strong></span> <span class='ocrx_word' id='word_1_325' title='bbox 1891 2746 2060 2783; x_wconf 84' lang='lat' dir='ltr'><strong>eorum</strong></span> 
     </span>
    </p>
   </div>
   <div class='ocr_carea' id='block_1_45' title="bbox 512 2826 930 2897">
    <p class='ocr_par' dir='ltr' id='par_1_45' title="bbox 512 2826 930 2897">
     <span class='ocr_line' id='line_1_45' title="bbox 512 2826 930 2897; baseline -0.002 -18"><span class='ocrx_word' id='word_1_326' title='bbox 512 2827 729 2897; x_wconf 64' lang='lat' dir='ltr'><strong>il’salm.</strong></span> <span class='ocrx_word' id='word_1_327' title='bbox 763 2826 930 2896; x_wconf 70' lang='lat' dir='ltr'><strong>svnt).</strong></span> 
     </span>
    </p>
   </div>
   <div class='ocr_carea' id='block_1_46' title="bbox 1098 2933 1457 2991">
    <p class='ocr_par' dir='ltr' id='par_1_46' title="bbox 1098 2933 1457 2991">
     <span class='ocr_line' id='line_1_46' title="bbox 1098 2933 1457 2991; baseline -0.003 0"><span class='ocrx_word' id='word_1_328' title='bbox 1098 2934 1323 2991; x_wconf 82' lang='lat' dir='ltr'><strong>CAPUT</strong></span> <span class='ocrx_word' id='word_1_329' title='bbox 1370 2933 1457 2990; x_wconf 77' lang='lat' dir='ltr'><strong>Vl.</strong></span> 
     </span>
    </p>
   </div>
   <div class='ocr_carea' id='block_1_47' title="bbox 516 3026 2057 3097">
    <p class='ocr_par' dir='ltr' id='par_1_47' title="bbox 516 3026 2057 3097">
     <span class='ocr_line' id='line_1_47' title="bbox 516 3026 2057 3097; baseline 0 -17"><span class='ocrx_word' id='word_1_330' title='bbox 516 3036 708 3097; x_wconf 74' lang='lat' dir='ltr'><strong>Augeat</strong></span> <span class='ocrx_word' id='word_1_331' title='bbox 733 3028 826 3094; x_wconf 77' lang='lat' dir='ltr'><strong>ﬁlii</strong></span> <span class='ocrx_word' id='word_1_332' title='bbox 856 3026 974 3080; x_wconf 84' lang='lat' dir='ltr'><strong>lleli</strong></span> <span class='ocrx_word' id='word_1_333' title='bbox 1015 3037 1291 3097; x_wconf 79' lang='lat' dir='ltr'><strong>peccatum,</strong></span> <span class='ocrx_word' id='word_1_334' title='bbox 1339 3027 1486 3079; x_wconf 85' lang='lat' dir='ltr'><strong>etiam</strong></span> <span class='ocrx_word' id='word_1_335' title='bbox 1536 3028 1723 3080; x_wconf 85' lang='lat' dir='ltr'><strong>monita</strong></span> <span class='ocrx_word' id='word_1_336' title='bbox 1769 3028 1850 3097; x_wconf 82' lang='lat' dir='ltr'><strong>sui</strong></span> <span class='ocrx_word' id='word_1_337' title='bbox 1894 3027 2057 3094; x_wconf 86' lang='lat' dir='ltr'><strong>patris</strong></span> 
     </span>
    </p>
   </div>
   <div class='ocr_carea' id='block_1_48' title="bbox 585 3096 2060 3163">
    <p class='ocr_par' dir='ltr' id='par_1_48' title="bbox 585 3096 2060 3163">
     <span class='ocr_line' id='line_1_48' title="bbox 585 3096 2060 3163; baseline 0.001 -16"><span class='ocrx_word' id='word_1_338' title='bbox 585 3096 981 3157; x_wconf 73' lang='lat' dir='ltr'><strong>contemnentes;</strong></span> <span class='ocrx_word' id='word_1_339' title='bbox 1019 3105 1064 3148; x_wconf 89' lang='lat' dir='ltr'><strong>et</strong></span> <span class='ocrx_word' id='word_1_340' title='bbox 1108 3096 1312 3149; x_wconf 88' lang='lat' dir='ltr'><strong>Samuel</strong></span> <span class='ocrx_word' id='word_1_341' title='bbox 1353 3097 1615 3163; x_wconf 78' lang='lat' dir='ltr'><strong>proﬁciens</strong></span> <span class='ocrx_word' id='word_1_342' title='bbox 1638 3107 1740 3148; x_wconf 89' lang='lat' dir='ltr'><strong>tam</strong></span> <span class='ocrx_word' id='word_1_343' title='bbox 1773 3096 1878 3148; x_wconf 78' lang='lat' dir='ltr'><strong>Deo</strong></span> <span class='ocrx_word' id='word_1_344' title='bbox 1907 3114 2060 3162; x_wconf 82' lang='lat' dir='ltr'><strong>quam</strong></span> 
     </span>
    </p>
   </div>
   <div class='ocr_carea' id='block_1_49' title="bbox 581 3166 1068 3230">
    <p class='ocr_par' dir='ltr' id='par_1_49' title="bbox 581 3166 1068 3230">
     <span class='ocr_line' id='line_1_49' title="bbox 581 3166 1068 3230; baseline 0.002 -17"><span class='ocrx_word' id='word_1_345' title='bbox 581 3169 862 3216; x_wconf 76' lang='lat' dir='ltr'><strong>hominibus</strong></span> <span class='ocrx_word' id='word_1_346' title='bbox 889 3166 1068 3230; x_wconf 81' lang='lat' dir='ltr'><strong>placet.</strong></span> 
     </span>
    </p>
   </div>
   <div class='ocr_carea' id='block_1_50' title="bbox 587 3269 2060 3339">
    <p class='ocr_par' dir='ltr' id='par_1_50' title="bbox 587 3269 2060 3339">
     <span class='ocr_line' id='line_1_50' title="bbox 587 3269 2060 3339; baseline 0.005 -15"><span class='ocrx_word' id='word_1_347' title='bbox 587 3269 706 3325; x_wconf 79' lang='lat' dir='ltr'><strong>Heli</strong></span> <span class='ocrx_word' id='word_1_348' title='bbox 748 3280 912 3324; x_wconf 87' lang='lat' dir='ltr'><strong>autem</strong></span> <span class='ocrx_word' id='word_1_349' title='bbox 946 3281 1051 3325; x_wconf 85' lang='lat' dir='ltr'><strong>erat</strong></span> <span class='ocrx_word' id='word_1_350' title='bbox 1097 3287 1246 3324; x_wconf 71' lang='lat' dir='ltr'><strong>sem:</strong></span> <span class='ocrx_word' id='word_1_351' title='bbox 1275 3272 1437 3339; x_wconf 71' lang='lat' dir='ltr'><strong>valde,</strong></span> <span class='ocrx_word' id='word_1_352' title='bbox 1476 3280 1577 3326; x_wconf 90' lang='lat' dir='ltr'><strong>etc.</strong></span> <span class='ocrx_word' id='word_1_353' title='bbox 1625 3273 1680 3327; x_wconf 87' lang='lat' dir='ltr'><strong>ln</strong></span> <span class='ocrx_word' id='word_1_354' title='bbox 1711 3275 1807 3327; x_wconf 87' lang='lat' dir='ltr'><strong>hac</strong></span> <span class='ocrx_word' id='word_1_355' title='bbox 1835 3274 2060 3331; x_wconf 78' lang='lat' dir='ltr'><strong>lectione</strong></span> 
     </span>
    </p>
   </div>
   <div class='ocr_carea' id='block_1_51' title="bbox 517 3363 2058 3432">
    <p class='ocr_par' dir='ltr' id='par_1_51' title="bbox 517 3363 2058 3432">
     <span class='ocr_line' id='line_1_51' title="bbox 517 3363 2058 3432; baseline 0.001 -15"><span class='ocrx_word' id='word_1_356' title='bbox 517 3363 736 3432; x_wconf 78' lang='lat' dir='ltr'><strong>mystice</strong></span> <span class='ocrx_word' id='word_1_357' title='bbox 780 3371 1092 3417; x_wconf 83' lang='lat' dir='ltr'><strong>senescente</strong></span> <span class='ocrx_word' id='word_1_358' title='bbox 1137 3374 1190 3416; x_wconf 91' lang='lat' dir='ltr'><strong>et</strong></span> <span class='ocrx_word' id='word_1_359' title='bbox 1237 3378 1489 3416; x_wconf 86' lang='lat' dir='ltr'><strong>occasuro</strong></span> <span class='ocrx_word' id='word_1_360' title='bbox 1533 3363 1826 3431; x_wconf 82' lang='lat' dir='ltr'><strong>Judaismo,</strong></span> <span class='ocrx_word' id='word_1_361' title='bbox 1864 3364 2058 3419; x_wconf 78' lang='lat' dir='ltr'><strong>Christi</strong></span> 
     </span>
    </p>
   </div>
   <div class='ocr_carea' id='block_1_52' title="bbox 520 3454 2061 3526">
    <p class='ocr_par' dir='ltr' id='par_1_52' title="bbox 520 3454 2061 3526">
     <span class='ocr_line' id='line_1_52' title="bbox 520 3454 2061 3526; baseline 0.002 -18"><span class='ocrx_word' id='word_1_362' title='bbox 520 3471 613 3522; x_wconf 85' lang='lat' dir='ltr'><strong>per</strong></span> <span class='ocrx_word' id='word_1_363' title='bbox 643 3455 980 3521; x_wconf 83' lang='lat' dir='ltr'><strong>Evangelium</strong></span> <span class='ocrx_word' id='word_1_364' title='bbox 1011 3455 1144 3506; x_wconf 78' lang='lat' dir='ltr'><strong>fama</strong></span> <span class='ocrx_word' id='word_1_365' title='bbox 1173 3454 1477 3508; x_wconf 88' lang='lat' dir='ltr'><strong>crebrescit.</strong></span> <span class='ocrx_word' id='word_1_366' title='bbox 1509 3454 1619 3509; x_wconf 90' lang='lat' dir='ltr'><strong>lleli</strong></span> <span class='ocrx_word' id='word_1_367' title='bbox 1649 3471 1774 3526; x_wconf 81' lang='lat' dir='ltr'><strong>ergo</strong></span> <span class='ocrx_word' id='word_1_368' title='bbox 1817 3468 2061 3511; x_wconf 86' lang='lat' dir='ltr'><strong>senectus</strong></span> 
     </span>
    </p>
   </div>
   <div class='ocr_carea' id='block_1_53' title="bbox 520 3544 2059 3616">
    <p class='ocr_par' dir='ltr' id='par_1_53' title="bbox 520 3544 2059 3616">
     <span class='ocr_line' id='line_1_53' title="bbox 520 3544 2059 3616; baseline 0.003 -20"><span class='ocrx_word' id='word_1_369' title='bbox 520 3545 704 3610; x_wconf 82' lang='lat' dir='ltr'><strong>multa,</strong></span> <span class='ocrx_word' id='word_1_370' title='bbox 737 3551 942 3610; x_wconf 71' lang='lat' dir='ltr'><strong>tempus</strong></span> <span class='ocrx_word' id='word_1_371' title='bbox 981 3559 1141 3611; x_wconf 70' lang='lat' dir='ltr'><strong>prrpe</strong></span> <span class='ocrx_word' id='word_1_372' title='bbox 1174 3544 1383 3597; x_wconf 88' lang='lat' dir='ltr'><strong>ﬁniendi</strong></span> <span class='ocrx_word' id='word_1_373' title='bbox 1406 3546 1681 3599; x_wconf 87' lang='lat' dir='ltr'><strong>sacerd0tii</strong></span> <span class='ocrx_word' id='word_1_374' title='bbox 1717 3547 1896 3616; x_wconf 88' lang='lat' dir='ltr'><strong>legalis</strong></span> <span class='ocrx_word' id='word_1_375' title='bbox 1927 3547 2059 3600; x_wconf 83' lang='lat' dir='ltr'><strong>insi-</strong></span> 
     </span>
    </p>
   </div>
   <div class='ocr_carea' id='block_1_54' title="bbox 521 3620 2060 3704">
    <p class='ocr_par' dir='ltr' id='par_1_54' title="bbox 521 3620 2060 3704">
     <span class='ocr_line' id='line_1_54' title="bbox 521 3620 2060 3704; baseline 0.005 -22"><span class='ocrx_word' id='word_1_376' title='bbox 521 3642 665 3683; x_wconf 88' lang='lat' dir='ltr'><strong>nuat.</strong></span> <span class='ocrx_word' id='word_1_377' title='bbox 693 3631 840 3695; x_wconf 84' lang='lat' dir='ltr'><strong>Quod</strong></span> <span class='ocrx_word' id='word_1_378' title='bbox 868 3631 1006 3682; x_wconf 89' lang='lat' dir='ltr'><strong>enim</strong></span> <span class='ocrx_word' id='word_1_379' title='bbox 1029 3620 1328 3699; x_wconf 83' lang='lat' dir='ltr'><strong>antiquatur</strong></span> <span class='ocrx_word' id='word_1_380' title='bbox 1347 3639 1399 3687; x_wconf 89' lang='lat' dir='ltr'><strong>et</strong></span> <span class='ocrx_word' id='word_1_381' title='bbox 1421 3636 1667 3700; x_wconf 87' lang='lat' dir='ltr'><strong>senescit,</strong></span> <span class='ocrx_word' id='word_1_382' title='bbox 1703 3651 1863 3704; x_wconf 88' lang='lat' dir='ltr'><strong>prope</strong></span> <span class='ocrx_word' id='word_1_383' title='bbox 1895 3639 2060 3691; x_wconf 90' lang='lat' dir='ltr'><strong>inter-</strong></span> 
     </span>
    </p>
   </div>
   <div class='ocr_carea' id='block_1_55' title="bbox 466 3723 775 3772">
    <p class='ocr_par' dir='ltr' id='par_1_55' title="bbox 466 3723 775 3772">
     <span class='ocr_line' id='line_1_55' title="bbox 466 3723 775 3772; baseline -0.006 0"><span class='ocrx_word' id='word_1_384' title='bbox 466 3725 470 3728; x_wconf 61' lang='lat'>‘</span> <span class='ocrx_word' id='word_1_385' title='bbox 526 3723 650 3772; x_wconf 89' lang='lat' dir='ltr'><strong>itum</strong></span> <span class='ocrx_word' id='word_1_386' title='bbox 675 3727 775 3771; x_wconf 80' lang='lat' dir='ltr'><strong>est.</strong></span> 
     </span>
    </p>
   </div>
   <div class='ocr_carea' id='block_1_56' title="bbox 595 3805 2062 3878">
    <p class='ocr_par' dir='ltr' id='par_1_56' title="bbox 595 3805 2062 3878">
     <span class='ocr_line' id='line_1_56' title="bbox 595 3805 2062 3878; baseline 0.01 -22"><span class='ocrx_word' id='word_1_387' title='bbox 595 3805 656 3858; x_wconf 76' lang='lat' dir='ltr'><strong>Et</strong></span> <span class='ocrx_word' id='word_1_388' title='bbox 683 3807 872 3858; x_wconf 85' lang='lat' dir='ltr'><strong>audivit</strong></span> <span class='ocrx_word' id='word_1_389' title='bbox 900 3822 1070 3858; x_wconf 77' lang='lat' dir='ltr'><strong>omnia</strong></span> <span class='ocrx_word' id='word_1_390' title='bbox 1097 3823 1208 3875; x_wconf 72' lang='lat' dir='ltr'><strong>quae</strong></span> <span class='ocrx_word' id='word_1_391' title='bbox 1235 3809 1484 3875; x_wconf 81' lang='lat' dir='ltr'><strong>faciebant</strong></span> <span class='ocrx_word' id='word_1_392' title='bbox 1526 3811 1622 3878; x_wconf 81' lang='lat' dir='ltr'><strong>ﬁlii</strong></span> <span class='ocrx_word' id='word_1_393' title='bbox 1667 3815 1768 3874; x_wconf 83' lang='lat' dir='ltr'><strong>sui.</strong></span> <span class='ocrx_word' id='word_1_394' title='bbox 1814 3825 1915 3868; x_wconf 89' lang='lat' dir='ltr'><strong>etc.</strong></span> <span class='ocrx_word' id='word_1_395' title='bbox 1949 3815 2062 3869; x_wconf 79' lang='lat' dir='ltr'><strong>Non</strong></span> 
     </span>
    </p>
   </div>
   <div class='ocr_carea' id='block_1_57' title="bbox 523 3896 2066 3972">
    <p class='ocr_par' dir='ltr' id='par_1_57' title="bbox 523 3896 2066 3972">
     <span class='ocr_line' id='line_1_57' title="bbox 523 3896 2066 3972; baseline 0.006 -24"><span class='ocrx_word' id='word_1_396' title='bbox 523 3911 689 3965; x_wconf 82' lang='lat' dir='ltr'><strong>parva</strong></span> <span class='ocrx_word' id='word_1_397' title='bbox 711 3910 808 3949; x_wconf 92' lang='lat' dir='ltr'><strong>nec</strong></span> <span class='ocrx_word' id='word_1_398' title='bbox 857 3896 1138 3951; x_wconf 80' lang='lat' dir='ltr'><strong>uniformis</strong></span> <span class='ocrx_word' id='word_1_399' title='bbox 1175 3897 1398 3952; x_wconf 87' lang='lat' dir='ltr'><strong>ﬁliorum</strong></span> <span class='ocrx_word' id='word_1_400' title='bbox 1434 3901 1548 3953; x_wconf 88' lang='lat' dir='ltr'><strong>lleli</strong></span> <span class='ocrx_word' id='word_1_401' title='bbox 1582 3905 1919 3972; x_wconf 86' lang='lat' dir='ltr'><strong>trangressio,</strong></span> <span class='ocrx_word' id='word_1_402' title='bbox 1949 3919 2066 3971; x_wconf 67' lang='lat' dir='ltr'><strong>qua:</strong></span> 
     </span>
    </p>
   </div>
   <div class='ocr_carea' id='block_1_58' title="bbox 520 3973 2066 4060">
    <p class='ocr_par' dir='ltr' id='par_1_58' title="bbox 520 3973 2066 4060">
     <span class='ocr_line' id='line_1_58' title="bbox 520 3973 2066 4060; baseline 0.004 -20"><span class='ocrx_word' id='word_1_403' title='bbox 520 3997 574 4040; x_wconf 89' lang='lat' dir='ltr'><strong>et</strong></span> <span class='ocrx_word' id='word_1_404' title='bbox 598 3973 1158 4057; x_wconf 63' lang='lat' dir='ltr'><strong>divinam’religionern</strong></span> <span class='ocrx_word' id='word_1_405' title='bbox 1191 3999 1242 4042; x_wconf 92' lang='lat' dir='ltr'><strong>et</strong></span> <span class='ocrx_word' id='word_1_406' title='bbox 1271 3991 1605 4060; x_wconf 87' lang='lat' dir='ltr'><strong>dilectionem</strong></span> <span class='ocrx_word' id='word_1_407' title='bbox 1638 3995 1856 4059; x_wconf 89' lang='lat' dir='ltr'><strong>proximi</strong></span> <span class='ocrx_word' id='word_1_408' title='bbox 1891 4009 2066 4046; x_wconf 84' lang='lat' dir='ltr'><strong>macu-</strong></span> 
     </span>
    </p>
   </div>
   <div class='ocr_carea' id='block_1_59' title="bbox 526 4080 2067 4153">
    <p class='ocr_par' dir='ltr' id='par_1_59' title="bbox 526 4080 2067 4153">
     <span class='ocr_line' id='line_1_59' title="bbox 526 4080 2067 4153; baseline 0.005 -23"><span class='ocrx_word' id='word_1_409' title='bbox 526 4080 634 4132; x_wconf 85' lang='lat' dir='ltr'><strong>lare</strong></span> <span class='ocrx_word' id='word_1_410' title='bbox 664 4095 767 4133; x_wconf 91' lang='lat' dir='ltr'><strong>non</strong></span> <span class='ocrx_word' id='word_1_411' title='bbox 800 4082 988 4133; x_wconf 90' lang='lat' dir='ltr'><strong>timuit.</strong></span> <span class='ocrx_word' id='word_1_412' title='bbox 1024 4082 1189 4151; x_wconf 85' lang='lat' dir='ltr'><strong>Supra</strong></span> <span class='ocrx_word' id='word_1_413' title='bbox 1225 4099 1448 4151; x_wconf 88' lang='lat' dir='ltr'><strong>namque</strong></span> <span class='ocrx_word' id='word_1_414' title='bbox 1477 4085 1684 4152; x_wconf 81' lang='lat' dir='ltr'><strong>legitur,</strong></span> <span class='ocrx_word' id='word_1_415' title='bbox 1717 4085 1838 4153; x_wconf 85' lang='lat' dir='ltr'><strong>quia</strong></span> <span class='ocrx_word' id='word_1_416' title='bbox 1865 4086 1931 4138; x_wconf 89' lang='lat' dir='ltr'><strong>de</strong></span> <span class='ocrx_word' id='word_1_417' title='bbox 1951 4099 2067 4138; x_wconf 62' lang='lat' dir='ltr'><strong>caro</strong></span> 
     </span>
    </p>
   </div>
   <div class='ocr_carea' id='block_1_60' title="bbox 527 4169 2064 4242">
    <p class='ocr_par' dir='ltr' id='par_1_60' title="bbox 527 4169 2064 4242">
     <span class='ocr_line' id='line_1_60' title="bbox 527 4169 2064 4242; baseline 0.003 -21"><span class='ocrx_word' id='word_1_418' title='bbox 527 4169 682 4222; x_wconf 87' lang='lat' dir='ltr'><strong>nibus</strong></span> <span class='ocrx_word' id='word_1_419' title='bbox 709 4173 925 4234; x_wconf 88' lang='lat' dir='ltr'><strong>sanctis,</strong></span> <span class='ocrx_word' id='word_1_420' title='bbox 958 4187 1059 4224; x_wconf 87' lang='lat' dir='ltr'><strong>non</strong></span> <span class='ocrx_word' id='word_1_421' title='bbox 1090 4173 1228 4240; x_wconf 88' lang='lat' dir='ltr'><strong>quod</strong></span> <span class='ocrx_word' id='word_1_422' title='bbox 1284 4181 1536 4229; x_wconf 84' lang='lat' dir='ltr'><strong>statutum</strong></span> <span class='ocrx_word' id='word_1_423' title='bbox 1569 4176 1617 4226; x_wconf 88' lang='lat' dir='ltr'><strong>in</strong></span> <span class='ocrx_word' id='word_1_424' title='bbox 1649 4175 1781 4242; x_wconf 83' lang='lat' dir='ltr'><strong>lege,</strong></span> <span class='ocrx_word' id='word_1_425' title='bbox 1813 4173 1905 4226; x_wconf 90' lang='lat' dir='ltr'><strong>sed</strong></span> <span class='ocrx_word' id='word_1_426' title='bbox 1927 4172 2064 4239; x_wconf 89' lang='lat' dir='ltr'><strong>quod</strong></span> 
     </span>
    </p>
   </div>
   <div class='ocr_carea' id='block_1_61' title="bbox 529 4258 2063 4332">
    <p class='ocr_par' dir='ltr' id='par_1_61' title="bbox 529 4258 2063 4332">
     <span class='ocr_line' id='line_1_61' title="bbox 529 4258 2063 4332; baseline 0.004 -22"><span class='ocrx_word' id='word_1_427' title='bbox 529 4258 628 4312; x_wconf 89' lang='lat' dir='ltr'><strong>sibi</strong></span> <span class='ocrx_word' id='word_1_428' title='bbox 673 4270 784 4312; x_wconf 89' lang='lat' dir='ltr'><strong>erat</strong></span> <span class='ocrx_word' id='word_1_429' title='bbox 829 4259 1054 4325; x_wconf 89' lang='lat' dir='ltr'><strong>libitum,</strong></span> <span class='ocrx_word' id='word_1_430' title='bbox 1105 4265 1727 4332; x_wconf 63' lang='lat' dir='ltr'><strong>praesumpserintmuia</strong></span> <span class='ocrx_word' id='word_1_431' title='bbox 1759 4265 2063 4331; x_wconf 90' lang='lat' dir='ltr'><strong>priusquam</strong></span> 
     </span>
    </p>
   </div>
   <div class='ocr_carea' id='block_1_62' title="bbox 530 4346 2140 4435">
    <p class='ocr_par' dir='ltr' id='par_1_62' title="bbox 530 4346 2140 4435">
     <span class='ocr_line' id='line_1_62' title="bbox 530 4346 2140 4435; baseline 0.001 -34"><span class='ocrx_word' id='word_1_432' title='bbox 530 4346 639 4401; x_wconf 79' lang='lat' dir='ltr'><strong>Deo</strong></span> <span class='ocrx_word' id='word_1_433' title='bbox 661 4362 805 4401; x_wconf 86' lang='lat' dir='ltr'><strong>sacer</strong></span> <span class='ocrx_word' id='word_1_434' title='bbox 848 4348 1014 4423; x_wconf 79' lang='lat' dir='ltr'><strong>adeps</strong></span> <span class='ocrx_word' id='word_1_435' title='bbox 1061 4349 1317 4415; x_wconf 86' lang='lat' dir='ltr'><strong>adoleret,</strong></span> <span class='ocrx_word' id='word_1_436' title='bbox 1369 4360 1570 4418; x_wconf 88' lang='lat' dir='ltr'><strong>partem</strong></span> <span class='ocrx_word' id='word_1_437' title='bbox 1625 4351 1723 4404; x_wconf 90' lang='lat' dir='ltr'><strong>sibi</strong></span> <span class='ocrx_word' id='word_1_438' title='bbox 1772 4351 1838 4403; x_wconf 93' lang='lat' dir='ltr'><strong>de</strong></span> <span class='ocrx_word' id='word_1_439' title='bbox 1890 4351 2140 4435; x_wconf 82' lang='lat' dir='ltr'><strong>bostiaD</strong></span> 
     </span>
    </p>
   </div>
   <div class='ocr_carea' id='block_1_63' title="bbox 522 4420 2062 4506">
    <p class='ocr_par' dir='ltr' id='par_1_63' title="bbox 522 4420 2062 4506">
     <span class='ocr_line' id='line_1_63' title="bbox 522 4420 2062 4506; baseline 0.002 -18"><span class='ocrx_word' id='word_1_440' title='bbox 522 4451 680 4503; x_wconf 87' lang='lat' dir='ltr'><strong>quam</strong></span> <span class='ocrx_word' id='word_1_441' title='bbox 726 4420 1067 4490; x_wconf 80' lang='lat' dir='ltr'><strong>comederent</strong></span> <span class='ocrx_word' id='word_1_442' title='bbox 1099 4439 1565 4504; x_wconf 62' lang='lat' dir='ltr'><strong>praesumpserit“;</strong></span> <span class='ocrx_word' id='word_1_443' title='bbox 1597 4437 1716 4506; x_wconf 83' lang='lat' dir='ltr'><strong>quia</strong></span> <span class='ocrx_word' id='word_1_444' title='bbox 1747 4440 1961 4490; x_wconf 75' lang='lat' dir='ltr'><strong>crudam</strong></span> <span class='ocrx_word' id='word_1_445' title='bbox 1994 4440 2062 4491; x_wconf 89' lang='lat' dir='ltr'><strong>ab</strong></span> 
     </span>
    </p>
   </div>
   <div class='ocr_carea' id='block_1_64' title="bbox 522 4525 2073 4593">
    <p class='ocr_par' dir='ltr' id='par_1_64' title="bbox 522 4525 2073 4593">
     <span class='ocr_line' id='line_1_64' title="bbox 522 4525 2073 4593; baseline 0.003 -16"><span class='ocrx_word' id='word_1_446' title='bbox 522 4526 865 4581; x_wconf 76' lang='lat' dir='ltr'><strong>oll&#39;erentibus</strong></span> <span class='ocrx_word' id='word_1_447' title='bbox 905 4539 1142 4590; x_wconf 85' lang='lat' dir='ltr'><strong>carnem,</strong></span> <span class='ocrx_word' id='word_1_448' title='bbox 1189 4525 1288 4578; x_wconf 87' lang='lat' dir='ltr'><strong>sibi</strong></span> <span class='ocrx_word' id='word_1_449' title='bbox 1340 4526 1635 4579; x_wconf 75' lang='lat' dir='ltr'><strong>accuratius</strong></span> <span class='ocrx_word' id='word_1_450' title='bbox 1679 4537 1944 4593; x_wconf 89' lang='lat' dir='ltr'><strong>pararent,</strong></span> <span class='ocrx_word' id='word_1_451' title='bbox 1988 4542 2073 4581; x_wconf 87' lang='lat' dir='ltr'><strong>ra-</strong></span> 
     </span>
    </p>
   </div>
   <div class='ocr_carea' id='block_1_65' title="bbox 525 4599 2067 4686">
    <p class='ocr_par' dir='ltr' id='par_1_65' title="bbox 525 4599 2067 4686">
     <span class='ocr_line' id='line_1_65' title="bbox 525 4599 2067 4686; baseline 0.003 -15"><span class='ocrx_word' id='word_1_452' title='bbox 525 4599 738 4685; x_wconf 25' lang='lat' dir='ltr'><strong>pueirlut</strong></span> <span class='ocrx_word' id='word_1_453' title='bbox 767 4633 781 4681; x_wconf 91' lang='lat'><strong>;</strong></span> <span class='ocrx_word' id='word_1_454' title='bbox 829 4615 946 4684; x_wconf 86' lang='lat' dir='ltr'><strong>quia</strong></span> <span class='ocrx_word' id='word_1_455' title='bbox 989 4617 1230 4684; x_wconf 87' lang='lat' dir='ltr'><strong>populum</strong></span> <span class='ocrx_word' id='word_1_456' title='bbox 1265 4616 1464 4668; x_wconf 86' lang='lat' dir='ltr'><strong>Domini</strong></span> <span class='ocrx_word' id='word_1_457' title='bbox 1490 4616 1780 4686; x_wconf 83' lang='lat' dir='ltr'><strong>transgredi</strong></span> <span class='ocrx_word' id='word_1_458' title='bbox 1811 4619 2067 4675; x_wconf 81' lang='lat' dir='ltr'><strong>fecerint:</strong></span> 
     </span>
    </p>
   </div>
   <div class='ocr_carea' id='block_1_66' title="bbox 526 4705 2069 4778">
    <p class='ocr_par' dir='ltr' id='par_1_66' title="bbox 526 4705 2069 4778">
     <span class='ocr_line' id='line_1_66' title="bbox 526 4705 2069 4778; baseline 0.001 -16"><span class='ocrx_word' id='word_1_459' title='bbox 526 4716 602 4772; x_wconf 88' lang='lat' dir='ltr'><strong>et,</strong></span> <span class='ocrx_word' id='word_1_460' title='bbox 633 4707 770 4775; x_wconf 88' lang='lat' dir='ltr'><strong>quod</strong></span> <span class='ocrx_word' id='word_1_461' title='bbox 830 4709 1056 4758; x_wconf 87' lang='lat' dir='ltr'><strong>maxime</strong></span> <span class='ocrx_word' id='word_1_462' title='bbox 1106 4705 1423 4757; x_wconf 87' lang='lat' dir='ltr'><strong>horrendum</strong></span> <span class='ocrx_word' id='word_1_463' title='bbox 1473 4716 1571 4771; x_wconf 89' lang='lat' dir='ltr'><strong>cst,</strong></span> <span class='ocrx_word' id='word_1_464' title='bbox 1620 4709 1669 4759; x_wconf 91' lang='lat' dir='ltr'><strong>in</strong></span> <span class='ocrx_word' id='word_1_465' title='bbox 1715 4720 2069 4778; x_wconf 86' lang='lat' dir='ltr'><strong>contemptum</strong></span> 
     </span>
    </p>
   </div>
   <div class='ocr_carea' id='block_1_67' title="bbox 524 4797 2073 4864">
    <p class='ocr_par' dir='ltr' id='par_1_67' title="bbox 524 4797 2073 4864">
     <span class='ocr_line' id='line_1_67' title="bbox 524 4797 2073 4864; baseline 0.002 -10"><span class='ocrx_word' id='word_1_466' title='bbox 524 4801 797 4854; x_wconf 87' lang='lat' dir='ltr'><strong>Creatoris</strong></span> <span class='ocrx_word' id='word_1_467' title='bbox 848 4807 1034 4850; x_wconf 90' lang='lat' dir='ltr'><strong>cuncta</strong></span> <span class='ocrx_word' id='word_1_468' title='bbox 1082 4812 1198 4861; x_wconf 83' lang='lat' dir='ltr'><strong>quae</strong></span> <span class='ocrx_word' id='word_1_469' title='bbox 1238 4797 1471 4849; x_wconf 80' lang='lat' dir='ltr'><strong>diximus</strong></span> <span class='ocrx_word' id='word_1_470' title='bbox 1515 4800 1735 4864; x_wconf 89' lang='lat' dir='ltr'><strong>egerint.</strong></span> <span class='ocrx_word' id='word_1_471' title='bbox 1786 4801 1885 4854; x_wconf 87' lang='lat' dir='ltr'><strong>Sed</strong></span> <span class='ocrx_word' id='word_1_472' title='bbox 1935 4818 2073 4858; x_wconf 89' lang='lat' dir='ltr'><strong>nunc</strong></span> 
     </span>
    </p>
   </div>
   <div class='ocr_carea' id='block_1_68' title="bbox 526 4884 2072 4962">
    <p class='ocr_par' dir='ltr' id='par_1_68' title="bbox 526 4884 2072 4962">
     <span class='ocr_line' id='line_1_68' title="bbox 526 4884 2072 4962; baseline 0.006 -21"><span class='ocrx_word' id='word_1_473' title='bbox 526 4890 664 4959; x_wconf 87' lang='lat' dir='ltr'><strong>quod</strong></span> <span class='ocrx_word' id='word_1_474' title='bbox 717 4884 1101 4962; x_wconf 77' lang='lat' dir='ltr'><strong>fraternitatem</strong></span> <span class='ocrx_word' id='word_1_475' title='bbox 1149 4886 1364 4939; x_wconf 68' lang='lat' dir='ltr'><strong>lmderet</strong></span> <span class='ocrx_word' id='word_1_476' title='bbox 1413 4886 1639 4955; x_wconf 87' lang='lat' dir='ltr'><strong>additur,</strong></span> <span class='ocrx_word' id='word_1_477' title='bbox 1672 4891 1790 4958; x_wconf 87' lang='lat' dir='ltr'><strong>quia</strong></span> <span class='ocrx_word' id='word_1_478' title='bbox 1825 4895 2072 4950; x_wconf 88' lang='lat' dir='ltr'><strong>mulieres</strong></span> 
     </span>
    </p>
   </div>
   <div class='ocr_carea' id='block_1_69' title="bbox 531 4974 2074 5048">
    <p class='ocr_par' dir='ltr' id='par_1_69' title="bbox 531 4974 2074 5048">
     <span class='ocr_line' id='line_1_69' title="bbox 531 4974 2074 5048; baseline 0.005 -20"><span class='ocrx_word' id='word_1_479' title='bbox 531 4978 731 5048; x_wconf 89' lang='lat' dir='ltr'><strong>populi,</strong></span> <span class='ocrx_word' id='word_1_480' title='bbox 759 4990 875 5043; x_wconf 68' lang='lat' dir='ltr'><strong>quae</strong></span> <span class='ocrx_word' id='word_1_481' title='bbox 907 4975 968 5026; x_wconf 86' lang='lat' dir='ltr'><strong>ad</strong></span> <span class='ocrx_word' id='word_1_482' title='bbox 999 4975 1252 5028; x_wconf 90' lang='lat' dir='ltr'><strong>orandum</strong></span> <span class='ocrx_word' id='word_1_483' title='bbox 1283 4974 1636 5041; x_wconf 83' lang='lat' dir='ltr'><strong>conﬂuebant,</strong></span> <span class='ocrx_word' id='word_1_484' title='bbox 1671 4981 1990 5045; x_wconf 90' lang='lat' dir='ltr'><strong>polluerint;</strong></span> <span class='ocrx_word' id='word_1_485' title='bbox 2022 4993 2074 5038; x_wconf 82' lang='lat' dir='ltr'><strong>et</strong></span> 
     </span>
    </p>
   </div>
   <div class='ocr_carea' id='block_1_70' title="bbox 531 5064 2077 5138">
    <p class='ocr_par' dir='ltr' id='par_1_70' title="bbox 531 5064 2077 5138">
     <span class='ocr_line' id='line_1_70' title="bbox 531 5064 2077 5138; baseline 0.003 -18"><span class='ocrx_word' id='word_1_486' title='bbox 531 5069 684 5138; x_wconf 77' lang='lat' dir='ltr'><strong>intra,</strong></span> <span class='ocrx_word' id='word_1_487' title='bbox 716 5065 852 5134; x_wconf 86' lang='lat' dir='ltr'><strong>quod</strong></span> <span class='ocrx_word' id='word_1_488' title='bbox 902 5064 1130 5116; x_wconf 82' lang='lat' dir='ltr'><strong>omnium</strong></span> <span class='ocrx_word' id='word_1_489' title='bbox 1180 5065 1436 5116; x_wconf 76' lang='lat' dir='ltr'><strong>malorum</strong></span> <span class='ocrx_word' id='word_1_490' title='bbox 1472 5081 1674 5118; x_wconf 87' lang='lat' dir='ltr'><strong>summa</strong></span> <span class='ocrx_word' id='word_1_491' title='bbox 1705 5077 1805 5129; x_wconf 88' lang='lat' dir='ltr'><strong>est.</strong></span> <span class='ocrx_word' id='word_1_492' title='bbox 1838 5072 2077 5124; x_wconf 86' lang='lat' dir='ltr'><strong>annecti-</strong></span> 
     </span>
    </p>
   </div>
   <div class='ocr_carea' id='block_1_71' title="bbox 531 5150 2076 5221">
    <p class='ocr_par' dir='ltr' id='par_1_71' title="bbox 531 5150 2076 5221">
     <span class='ocr_line' id='line_1_71' title="bbox 531 5150 2076 5221; baseline 0.002 -13"><span class='ocrx_word' id='word_1_493' title='bbox 531 5164 637 5216; x_wconf 88' lang='lat' dir='ltr'><strong>tor,</strong></span> <span class='ocrx_word' id='word_1_494' title='bbox 665 5155 752 5221; x_wconf 89' lang='lat' dir='ltr'><strong>qui</strong></span> <span class='ocrx_word' id='word_1_495' title='bbox 781 5167 876 5206; x_wconf 90' lang='lat' dir='ltr'><strong>nec</strong></span> <span class='ocrx_word' id='word_1_496' title='bbox 905 5150 1131 5217; x_wconf 80' lang='lat' dir='ltr'><strong>correpti</strong></span> <span class='ocrx_word' id='word_1_497' title='bbox 1162 5166 1187 5202; x_wconf 90' lang='lat' dir='ltr'><strong>a</strong></span> <span class='ocrx_word' id='word_1_498' title='bbox 1224 5152 1374 5206; x_wconf 77' lang='lat' dir='ltr'><strong>l‘atre</strong></span> <span class='ocrx_word' id='word_1_499' title='bbox 1403 5152 1762 5219; x_wconf 70' lang='lat' dir='ltr'><strong>poenituerint.</strong></span> <span class='ocrx_word' id='word_1_500' title='bbox 1799 5156 1918 5210; x_wconf 69' lang='lat' dir='ltr'><strong>llmc</strong></span> <span class='ocrx_word' id='word_1_501' title='bbox 1948 5173 2076 5212; x_wconf 88' lang='lat' dir='ltr'><strong>enu-</strong></span> 
     </span>
    </p>
   </div>
   <div class='ocr_carea' id='block_1_72' title="bbox 533 5242 2078 5315">
    <p class='ocr_par' dir='ltr' id='par_1_72' title="bbox 533 5242 2078 5315">
     <span class='ocr_line' id='line_1_72' title="bbox 533 5242 2078 5315; baseline 0.005 -20"><span class='ocrx_word' id='word_1_502' title='bbox 533 5243 748 5298; x_wconf 82' lang='lat' dir='ltr'><strong>cleatius</strong></span> <span class='ocrx_word' id='word_1_503' title='bbox 780 5242 1028 5305; x_wconf 87' lang='lat' dir='ltr'><strong>diximus,</strong></span> <span class='ocrx_word' id='word_1_504' title='bbox 1062 5249 1119 5292; x_wconf 94' lang='lat' dir='ltr'><strong>ut</strong></span> <span class='ocrx_word' id='word_1_505' title='bbox 1148 5255 1236 5307; x_wconf 92' lang='lat' dir='ltr'><strong>per</strong></span> <span class='ocrx_word' id='word_1_506' title='bbox 1263 5243 1487 5310; x_wconf 85' lang='lat' dir='ltr'><strong>singula,</strong></span> <span class='ocrx_word' id='word_1_507' title='bbox 1519 5243 1710 5311; x_wconf 85' lang='lat' dir='ltr'><strong>lector,</strong></span> <span class='ocrx_word' id='word_1_508' title='bbox 1739 5246 1860 5315; x_wconf 85' lang='lat' dir='ltr'><strong>quid</strong></span> <span class='ocrx_word' id='word_1_509' title='bbox 1893 5263 2078 5303; x_wconf 83' lang='lat' dir='ltr'><strong>caveas</strong></span> 
     </span>
    </p>
   </div>
   <div class='ocr_carea' id='block_1_73' title="bbox 535 5333 2078 5407">
    <p class='ocr_par' dir='ltr' id='par_1_73' title="bbox 535 5333 2078 5407">
     <span class='ocr_line' id='line_1_73' title="bbox 535 5333 2078 5407; baseline 0.008 -24"><span class='ocrx_word' id='word_1_510' title='bbox 535 5333 857 5386; x_wconf 86' lang='lat' dir='ltr'><strong>memineris.</strong></span> <span class='ocrx_word' id='word_1_511' title='bbox 896 5333 1086 5393; x_wconf 75' lang='lat' dir='ltr'><strong>Verum</strong></span> <span class='ocrx_word' id='word_1_512' title='bbox 1117 5334 1255 5400; x_wconf 89' lang='lat' dir='ltr'><strong>quod</strong></span> <span class='ocrx_word' id='word_1_513' title='bbox 1288 5345 1455 5388; x_wconf 87' lang='lat' dir='ltr'><strong>restat</strong></span> <span class='ocrx_word' id='word_1_514' title='bbox 1481 5335 1651 5406; x_wconf 85' lang='lat' dir='ltr'><strong>typica</strong></span> <span class='ocrx_word' id='word_1_515' title='bbox 1683 5337 1732 5390; x_wconf 91' lang='lat' dir='ltr'><strong>in</strong></span> <span class='ocrx_word' id='word_1_516' title='bbox 1762 5352 1906 5407; x_wconf 88' lang='lat' dir='ltr'><strong>parte</strong></span> <span class='ocrx_word' id='word_1_517' title='bbox 1931 5356 2078 5395; x_wconf 83' lang='lat' dir='ltr'><strong>corn-</strong></span> 
     </span>
    </p>
   </div>
   <div class='ocr_carea' id='block_1_74' title="bbox 543 5421 2076 5498">
    <p class='ocr_par' dir='ltr' id='par_1_74' title="bbox 543 5421 2076 5498">
     <span class='ocr_line' id='line_1_74' title="bbox 543 5421 2076 5498; baseline 0.008 -25"><span class='ocrx_word' id='word_1_518' title='bbox 543 5421 814 5487; x_wconf 90' lang='lat' dir='ltr'><strong>plendum,</strong></span> <span class='ocrx_word' id='word_1_519' title='bbox 833 5424 1161 5477; x_wconf 85' lang='lat' dir='ltr'><strong>sacerdotum</strong></span> <span class='ocrx_word' id='word_1_520' title='bbox 1191 5423 1568 5492; x_wconf 88' lang='lat' dir='ltr'><strong>doctorumque</strong></span> <span class='ocrx_word' id='word_1_521' title='bbox 1584 5436 1684 5491; x_wconf 89' lang='lat' dir='ltr'><strong>est,</strong></span> <span class='ocrx_word' id='word_1_522' title='bbox 1710 5438 1759 5481; x_wconf 90' lang='lat' dir='ltr'><strong>et</strong></span> <span class='ocrx_word' id='word_1_523' title='bbox 1787 5429 2003 5498; x_wconf 86' lang='lat' dir='ltr'><strong>vigilare</strong></span> <span class='ocrx_word' id='word_1_524' title='bbox 2025 5433 2076 5486; x_wconf 88' lang='lat' dir='ltr'><strong>irt</strong></span> 
     </span>
    </p>
   </div>
   <div class='ocr_carea' id='block_1_75' title="bbox 543 5513 2077 5584">
    <p class='ocr_par' dir='ltr' id='par_1_75' title="bbox 543 5513 2077 5584">
     <span class='ocr_line' id='line_1_75' title="bbox 543 5513 2077 5584; baseline 0.008 -21"><span class='ocrx_word' id='word_1_525' title='bbox 543 5513 781 5575; x_wconf 84' lang='lat' dir='ltr'><strong>Domino,</strong></span> <span class='ocrx_word' id='word_1_526' title='bbox 811 5524 866 5566; x_wconf 90' lang='lat' dir='ltr'><strong>et</strong></span> <span class='ocrx_word' id='word_1_527' title='bbox 887 5515 948 5567; x_wconf 93' lang='lat' dir='ltr'><strong>ad</strong></span> <span class='ocrx_word' id='word_1_528' title='bbox 981 5513 1296 5584; x_wconf 80' lang='lat' dir='ltr'><strong>vigilandum</strong></span> <span class='ocrx_word' id='word_1_529' title='bbox 1341 5525 1564 5570; x_wconf 70' lang='lat' dir='ltr'><strong>catteros</strong></span> <span class='ocrx_word' id='word_1_530' title='bbox 1611 5522 1863 5584; x_wconf 81' lang='lat' dir='ltr'><strong>excitare,</strong></span> <span class='ocrx_word' id='word_1_531' title='bbox 1895 5524 2077 5577; x_wconf 81' lang='lat' dir='ltr'><strong>dicen-</strong></span> 
     </span>
    </p>
   </div>
   <div class='ocr_carea' id='block_1_76' title="bbox 544 5601 2076 5684">
    <p class='ocr_par' dir='ltr' id='par_1_76' title="bbox 544 5601 2076 5684">
     <span class='ocr_line' id='line_1_76' title="bbox 544 5601 2076 5684; baseline 0.008 -31"><span class='ocrx_word' id='word_1_532' title='bbox 544 5601 944 5668; x_wconf 78' lang='lat' dir='ltr'><strong>teszEvigilate,</strong></span> <span class='ocrx_word' id='word_1_533' title='bbox 980 5607 1128 5673; x_wconf 84' lang='lat' dir='ltr'><strong>justi,</strong></span> <span class='ocrx_word' id='word_1_534' title='bbox 1160 5616 1203 5659; x_wconf 90' lang='lat' dir='ltr'><strong>et</strong></span> <span class='ocrx_word' id='word_1_535' title='bbox 1232 5606 1383 5660; x_wconf 86' lang='lat' dir='ltr'><strong>nolite</strong></span> <span class='ocrx_word' id='word_1_536' title='bbox 1428 5622 1636 5674; x_wconf 82' lang='lat' dir='ltr'><strong>peccare</strong></span> <span class='ocrx_word' id='word_1_537' title='bbox 1687 5607 1737 5675; x_wconf 81' lang='grc'><strong>(1</strong></span> <span class='ocrx_word' id='word_1_538' title='bbox 1766 5607 1886 5665; x_wconf 88' lang='lat' dir='ltr'><strong>Cor.</strong></span> <span class='ocrx_word' id='word_1_539' title='bbox 1931 5615 2076 5684; x_wconf 81' lang='lat' dir='ltr'><strong>xxv).</strong></span> 
     </span>
    </p>
   </div>
   <div class='ocr_carea' id='block_1_77' title="bbox 480 5897 614 5975">
    <p class='ocr_par' dir='ltr' id='par_1_77' title="bbox 480 5897 614 5975">
     <span class='ocr_line' id='line_1_77' title="bbox 480 5897 614 5975; baseline 0 -8"><span class='ocrx_word' id='word_1_540' title='bbox 480 5897 614 5975; x_wconf 49' lang='grc' dir='ltr'><strong>Ἃ</strong></span> 
     </span>
    </p>
   </div>
   <div class='ocr_carea' id='block_1_78' title="bbox 2150 1832 3687 1906">
    <p class='ocr_par' dir='ltr' id='par_1_78' title="bbox 2150 1832 3687 1906">
     <span class='ocr_line' id='line_1_78' title="bbox 2150 1832 3687 1906; baseline -0.005 -16"><span class='ocrx_word' id='word_1_541' title='bbox 2150 1838 2280 1906; x_wconf 80' lang='lat' dir='ltr'><strong>ipsis</strong></span> <span class='ocrx_word' id='word_1_542' title='bbox 2309 1837 2564 1904; x_wconf 87' lang='lat' dir='ltr'><strong>disperiit.</strong></span> <span class='ocrx_word' id='word_1_543' title='bbox 2598 1836 2730 1903; x_wconf 88' lang='lat' dir='ltr'><strong>Quid</strong></span> <span class='ocrx_word' id='word_1_544' title='bbox 2760 1848 2886 1903; x_wconf 87' lang='lat' dir='ltr'><strong>ergo</strong></span> <span class='ocrx_word' id='word_1_545' title='bbox 2917 1849 3010 1888; x_wconf 86' lang='lat' dir='ltr'><strong>nos</strong></span> <span class='ocrx_word' id='word_1_546' title='bbox 3043 1833 3240 1896; x_wconf 89' lang='lat' dir='ltr'><strong>miseri,</strong></span> <span class='ocrx_word' id='word_1_547' title='bbox 3271 1832 3394 1901; x_wconf 90' lang='lat' dir='ltr'><strong>quid</strong></span> <span class='ocrx_word' id='word_1_548' title='bbox 3432 1834 3594 1885; x_wconf 87' lang='lat' dir='ltr'><strong>nostri</strong></span> <span class='ocrx_word' id='word_1_549' title='bbox 3623 1833 3687 1882; x_wconf 81' lang='lat' dir='ltr'><strong>si-</strong></span> 
     </span>
    </p>
   </div>
   <div class='ocr_carea' id='block_1_79' title="bbox 2148 1923 3686 1997">
    <p class='ocr_par' dir='ltr' id='par_1_79' title="bbox 2148 1923 3686 1997">
     <span class='ocr_line' id='line_1_79' title="bbox 2148 1923 3686 1997; baseline -0.005 -16"><span class='ocrx_word' id='word_1_550' title='bbox 2148 1929 2300 1983; x_wconf 87' lang='lat' dir='ltr'><strong>miles</strong></span> <span class='ocrx_word' id='word_1_551' title='bbox 2328 1937 2618 1989; x_wconf 75' lang='lat' dir='ltr'><strong>nterer.tur,</strong></span> <span class='ocrx_word' id='word_1_552' title='bbox 2653 1929 2740 1995; x_wconf 87' lang='lat' dir='ltr'><strong>qui</strong></span> <span class='ocrx_word' id='word_1_553' title='bbox 2769 1929 2994 1997; x_wconf 85' lang='lat' dir='ltr'><strong>gaudent</strong></span> <span class='ocrx_word' id='word_1_554' title='bbox 3022 1928 3084 1979; x_wconf 92' lang='lat' dir='ltr'><strong>ad</strong></span> <span class='ocrx_word' id='word_1_555' title='bbox 3119 1926 3258 1989; x_wconf 90' lang='lat' dir='ltr'><strong>vitia,</strong></span> <span class='ocrx_word' id='word_1_556' title='bbox 3284 1925 3371 1994; x_wconf 90' lang='lat' dir='ltr'><strong>qui</strong></span> <span class='ocrx_word' id='word_1_557' title='bbox 3415 1923 3686 1978; x_wconf 70' lang='lat' dir='ltr'><strong>emendate</strong></span> 
     </span>
    </p>
   </div>
   <div class='ocr_carea' id='block_1_80' title="bbox 2151 2014 3686 2086">
    <p class='ocr_par' dir='ltr' id='par_1_80' title="bbox 2151 2014 3686 2086">
     <span class='ocr_line' id='line_1_80' title="bbox 2151 2014 3686 2086; baseline -0.003 -16"><span class='ocrx_word' id='word_1_558' title='bbox 2151 2034 2253 2070; x_wconf 90' lang='lat' dir='ltr'><strong>non</strong></span> <span class='ocrx_word' id='word_1_559' title='bbox 2294 2017 2509 2082; x_wconf 88' lang='lat' dir='ltr'><strong>audent,</strong></span> <span class='ocrx_word' id='word_1_560' title='bbox 2539 2019 2625 2086; x_wconf 90' lang='lat' dir='ltr'><strong>qui</strong></span> <span class='ocrx_word' id='word_1_561' title='bbox 2651 2018 3021 2072; x_wconf 80' lang='lat' dir='ltr'><strong>eottscientiam</strong></span> <span class='ocrx_word' id='word_1_562' title='bbox 3061 2016 3138 2070; x_wconf 88' lang='lat' dir='ltr'><strong>sui</strong></span> <span class='ocrx_word' id='word_1_563' title='bbox 3170 2025 3450 2079; x_wconf 87' lang='lat' dir='ltr'><strong>metuunt;</strong></span> <span class='ocrx_word' id='word_1_564' title='bbox 3478 2024 3533 2069; x_wconf 80' lang='lat' dir='ltr'><strong>et</strong></span> <span class='ocrx_word' id='word_1_565' title='bbox 3561 2014 3686 2082; x_wconf 80' lang='lat' dir='ltr'><strong>quod</strong></span> 
     </span>
    </p>
   </div>
   <div class='ocr_carea' id='block_1_81' title="bbox 2148 2104 3564 2174">
    <p class='ocr_par' dir='ltr' id='par_1_81' title="bbox 2148 2104 3564 2174">
     <span class='ocr_line' id='line_1_81' title="bbox 2148 2104 3564 2174; baseline -0.004 -14"><span class='ocrx_word' id='word_1_566' title='bbox 2148 2117 2370 2160; x_wconf 84' lang='lat' dir='ltr'><strong>cunctus</strong></span> <span class='ocrx_word' id='word_1_567' title='bbox 2420 2108 2644 2174; x_wconf 89' lang='lat' dir='ltr'><strong>populus</strong></span> <span class='ocrx_word' id='word_1_568' title='bbox 2673 2106 2929 2168; x_wconf 78' lang='lat' dir='ltr'><strong>clanitat,</strong></span> <span class='ocrx_word' id='word_1_569' title='bbox 2962 2105 3164 2160; x_wconf 82' lang='lat' dir='ltr'><strong>nescire</strong></span> <span class='ocrx_word' id='word_1_570' title='bbox 3191 2120 3247 2159; x_wconf 72' lang='lat' dir='ltr'><strong>se</strong></span> <span class='ocrx_word' id='word_1_571' title='bbox 3275 2104 3564 2158; x_wconf 79' lang='lat' dir='ltr'><strong>simulant?</strong></span> 
     </span>
    </p>
   </div>
   <div class='ocr_carea' id='block_1_82' title="bbox 2223 2195 3690 2268">
    <p class='ocr_par' dir='ltr' id='par_1_82' title="bbox 2223 2195 3690 2268">
     <span class='ocr_line' id='line_1_82' title="bbox 2223 2195 3690 2268; baseline -0.003 -15"><span class='ocrx_word' id='word_1_572' title='bbox 2223 2199 2280 2253; x_wconf 81' lang='lat' dir='ltr'><strong>Si</strong></span> <span class='ocrx_word' id='word_1_573' title='bbox 2304 2201 2578 2268; x_wconf 79' lang='lat' dir='ltr'><strong>peccaverit</strong></span> <span class='ocrx_word' id='word_1_574' title='bbox 2619 2201 2690 2252; x_wconf 79' lang='lat' dir='ltr'><strong>t&#39;ir</strong></span> <span class='ocrx_word' id='word_1_575' title='bbox 2712 2202 2766 2258; x_wconf 78' lang='lat' dir='ltr'><strong>in</strong></span> <span class='ocrx_word' id='word_1_576' title='bbox 2791 2201 2968 2262; x_wconf 78' lang='lat' dir='ltr'><strong>uirum,</strong></span> <span class='ocrx_word' id='word_1_577' title='bbox 3015 2211 3117 2252; x_wconf 88' lang='lat' dir='ltr'><strong>etc.</strong></span> <span class='ocrx_word' id='word_1_578' title='bbox 3150 2199 3442 2265; x_wconf 60' lang='lat' dir='ltr'><strong>Utwtmque</strong></span> <span class='ocrx_word' id='word_1_579' title='bbox 3478 2197 3544 2249; x_wconf 90' lang='lat' dir='ltr'><strong>ad</strong></span> <span class='ocrx_word' id='word_1_580' title='bbox 3568 2195 3690 2249; x_wconf 76' lang='lat' dir='ltr'><strong>ﬁlios</strong></span> 
     </span>
    </p>
   </div>
   <div class='ocr_carea' id='block_1_83' title="bbox 2163 2286 3689 2350">
    <p class='ocr_par' dir='ltr' id='par_1_83' title="bbox 2163 2286 3689 2350">
     <span class='ocr_line' id='line_1_83' title="bbox 2163 2286 3689 2350; baseline -0.005 -6"><span class='ocrx_word' id='word_1_581' title='bbox 2163 2290 2281 2344; x_wconf 76' lang='lat' dir='ltr'><strong>Heli</strong></span> <span class='ocrx_word' id='word_1_582' title='bbox 2339 2291 2688 2344; x_wconf 86' lang='lat' dir='ltr'><strong>relerendum.</strong></span> <span class='ocrx_word' id='word_1_583' title='bbox 2749 2289 2991 2343; x_wconf 69' lang='lat' dir='ltr'><strong>Peccavit</strong></span> <span class='ocrx_word' id='word_1_584' title='bbox 3044 2289 3184 2342; x_wconf 66' lang='lat' dir='ltr'><strong>enim</strong></span> <span class='ocrx_word' id='word_1_585' title='bbox 3237 2286 3289 2339; x_wconf 92' lang='lat' dir='ltr'><strong>in</strong></span> <span class='ocrx_word' id='word_1_586' title='bbox 3333 2288 3530 2350; x_wconf 86' lang='lat' dir='ltr'><strong>virum,</strong></span> <span class='ocrx_word' id='word_1_587' title='bbox 3581 2299 3689 2337; x_wconf 75' lang='lat' dir='ltr'><strong>cum</strong></span> 
     </span>
    </p>
   </div>
   <div class='ocr_carea' id='block_1_84' title="bbox 2155 2376 3690 2446">
    <p class='ocr_par' dir='ltr' id='par_1_84' title="bbox 2155 2376 3690 2446">
     <span class='ocr_line' id='line_1_84' title="bbox 2155 2376 3690 2446; baseline -0.004 -12"><span class='ocrx_word' id='word_1_588' title='bbox 2155 2381 2408 2434; x_wconf 88' lang='lat' dir='ltr'><strong>sacerdos</strong></span> <span class='ocrx_word' id='word_1_589' title='bbox 2438 2395 2656 2434; x_wconf 89' lang='lat' dir='ltr'><strong>uxorem</strong></span> <span class='ocrx_word' id='word_1_590' title='bbox 2688 2380 2786 2433; x_wconf 71' lang='lat' dir='ltr'><strong>viri</strong></span> <span class='ocrx_word' id='word_1_591' title='bbox 2835 2381 3052 2432; x_wconf 90' lang='lat' dir='ltr'><strong>alterius</strong></span> <span class='ocrx_word' id='word_1_592' title='bbox 3078 2377 3343 2446; x_wconf 84' lang='lat' dir='ltr'><strong>religionis</strong></span> <span class='ocrx_word' id='word_1_593' title='bbox 3367 2377 3534 2445; x_wconf 78' lang='lat' dir='ltr'><strong>gratia</strong></span> <span class='ocrx_word' id='word_1_594' title='bbox 3561 2376 3690 2429; x_wconf 65' lang='lat' dir='ltr'><strong>venio</strong></span> 
     </span>
    </p>
   </div>
   <div class='ocr_carea' id='block_1_85' title="bbox 2155 2466 3690 2537">
    <p class='ocr_par' dir='ltr' id='par_1_85' title="bbox 2155 2466 3690 2537">
     <span class='ocr_line' id='line_1_85' title="bbox 2155 2466 3690 2537; baseline -0.003 -16"><span class='ocrx_word' id='word_1_595' title='bbox 2155 2478 2332 2521; x_wconf 85' lang='lat' dir='ltr'><strong>entem</strong></span> <span class='ocrx_word' id='word_1_596' title='bbox 2365 2467 2760 2537; x_wconf 87' lang='lat' dir='ltr'><strong>constupravit;</strong></span> <span class='ocrx_word' id='word_1_597' title='bbox 2803 2468 2893 2520; x_wconf 89' lang='lat' dir='ltr'><strong>sed</strong></span> <span class='ocrx_word' id='word_1_598' title='bbox 2920 2467 3018 2521; x_wconf 76' lang='lat' dir='ltr'><strong>hoc</strong></span> <span class='ocrx_word' id='word_1_599' title='bbox 3042 2468 3194 2535; x_wconf 87' lang='lat' dir='ltr'><strong>digna</strong></span> <span class='ocrx_word' id='word_1_600' title='bbox 3225 2466 3559 2534; x_wconf 63' lang='lat' dir='ltr'><strong>panitudiue</strong></span> <span class='ocrx_word' id='word_1_601' title='bbox 3581 2467 3690 2517; x_wconf 83' lang='lat' dir='ltr'><strong>sul:-</strong></span> 
     </span>
    </p>
   </div>
   <div class='ocr_carea' id='block_1_86' title="bbox 2157 2556 3690 2624">
    <p class='ocr_par' dir='ltr' id='par_1_86' title="bbox 2157 2556 3690 2624">
     <span class='ocr_line' id='line_1_86' title="bbox 2157 2556 3690 2624; baseline 0 -16"><span class='ocrx_word' id='word_1_602' title='bbox 2157 2565 2337 2608; x_wconf 84' lang='lat' dir='ltr'><strong>seeuta</strong></span> <span class='ocrx_word' id='word_1_603' title='bbox 2391 2556 2654 2610; x_wconf 84' lang='lat' dir='ltr'><strong>dimittere</strong></span> <span class='ocrx_word' id='word_1_604' title='bbox 2685 2558 2896 2624; x_wconf 71' lang='lat' dir='ltr'><strong>&#39;potcrat</strong></span> <span class='ocrx_word' id='word_1_605' title='bbox 2933 2556 3090 2610; x_wconf 88' lang='lat' dir='ltr'><strong>Deus.</strong></span> <span class='ocrx_word' id='word_1_606' title='bbox 3135 2556 3250 2610; x_wconf 80' lang='lat' dir='ltr'><strong>Non</strong></span> <span class='ocrx_word' id='word_1_607' title='bbox 3303 2557 3475 2609; x_wconf 87' lang='lat' dir='ltr'><strong>solum</strong></span> <span class='ocrx_word' id='word_1_608' title='bbox 3530 2565 3690 2608; x_wconf 79' lang='lat' dir='ltr'><strong>autent</strong></span> 
     </span>
    </p>
   </div>
   <div class='ocr_carea' id='block_1_87' title="bbox 2161 2647 3692 2717">
    <p class='ocr_par' dir='ltr' id='par_1_87' title="bbox 2161 2647 3692 2717">
     <span class='ocr_line' id='line_1_87' title="bbox 2161 2647 3692 2717; baseline -0.002 -17"><span class='ocrx_word' id='word_1_609' title='bbox 2161 2647 2262 2700; x_wconf 87' lang='lat' dir='ltr'><strong>hoc</strong></span> <span class='ocrx_word' id='word_1_610' title='bbox 2291 2647 2483 2702; x_wconf 74' lang='lat' dir='ltr'><strong>factum</strong></span> <span class='ocrx_word' id='word_1_611' title='bbox 2513 2649 2737 2713; x_wconf 81' lang='lat' dir='ltr'><strong>est,,sed</strong></span> <span class='ocrx_word' id='word_1_612' title='bbox 2766 2659 2820 2703; x_wconf 94' lang='lat' dir='ltr'><strong>et</strong></span> <span class='ocrx_word' id='word_1_613' title='bbox 2845 2649 3031 2717; x_wconf 82' lang='lat' dir='ltr'><strong>majori</strong></span> <span class='ocrx_word' id='word_1_614' title='bbox 3059 2651 3263 2702; x_wconf 88' lang='lat' dir='ltr'><strong>miseria</strong></span> <span class='ocrx_word' id='word_1_615' title='bbox 3286 2649 3523 2714; x_wconf 77' lang='lat' dir='ltr'><strong>peccavit</strong></span> <span class='ocrx_word' id='word_1_616' title='bbox 3550 2649 3621 2700; x_wconf 82' lang='lat' dir='ltr'><strong>vir</strong></span> <span class='ocrx_word' id='word_1_617' title='bbox 3649 2647 3692 2700; x_wconf 88' lang='lat' dir='ltr'><strong>in</strong></span> 
     </span>
    </p>
   </div>
   <div class='ocr_carea' id='block_1_88' title="bbox 2163 2736 3692 2803">
    <p class='ocr_par' dir='ltr' id='par_1_88' title="bbox 2163 2736 3692 2803">
     <span class='ocr_line' id='line_1_88' title="bbox 2163 2736 3692 2803; baseline -0.001 -12"><span class='ocrx_word' id='word_1_618' title='bbox 2163 2736 2463 2803; x_wconf 86' lang='lat' dir='ltr'><strong>Dominum,</strong></span> <span class='ocrx_word' id='word_1_619' title='bbox 2511 2755 2631 2793; x_wconf 87' lang='lat' dir='ltr'><strong>cum</strong></span> <span class='ocrx_word' id='word_1_620' title='bbox 2677 2741 2812 2794; x_wconf 87' lang='lat' dir='ltr'><strong>idem</strong></span> <span class='ocrx_word' id='word_1_621' title='bbox 2860 2741 3107 2795; x_wconf 82' lang='lat' dir='ltr'><strong>sacerdos</strong></span> <span class='ocrx_word' id='word_1_622' title='bbox 3162 2739 3692 2794; x_wconf 54' lang='lat' dir='ltr'><strong>loroicatiooe‘eonta-</strong></span> 
     </span>
    </p>
   </div>
   <div class='ocr_carea' id='block_1_89' title="bbox 2162 2826 3692 2901">
    <p class='ocr_par' dir='ltr' id='par_1_89' title="bbox 2162 2826 3692 2901">
     <span class='ocr_line' id='line_1_89' title="bbox 2162 2826 3692 2901; baseline 0.001 -21"><span class='ocrx_word' id='word_1_623' title='bbox 2162 2826 2412 2894; x_wconf 88' lang='lat' dir='ltr'><strong>minatus,</strong></span> <span class='ocrx_word' id='word_1_624' title='bbox 2445 2827 2510 2882; x_wconf 89' lang='lat' dir='ltr'><strong>ad</strong></span> <span class='ocrx_word' id='word_1_625' title='bbox 2535 2830 2715 2883; x_wconf 89' lang='lat' dir='ltr'><strong>altaris</strong></span> <span class='ocrx_word' id='word_1_626' title='bbox 2753 2845 2904 2884; x_wconf 88' lang='lat' dir='ltr'><strong>sacro</strong></span> <span class='ocrx_word' id='word_1_627' title='bbox 2923 2839 3102 2884; x_wconf 87' lang='lat' dir='ltr'><strong>sancta</strong></span> <span class='ocrx_word' id='word_1_628' title='bbox 3129 2830 3377 2901; x_wconf 75' lang='lat' dir='ltr'><strong>mysteria</strong></span> <span class='ocrx_word' id='word_1_629' title='bbox 3408 2845 3510 2883; x_wconf 90' lang='lat' dir='ltr'><strong>non</strong></span> <span class='ocrx_word' id='word_1_630' title='bbox 3536 2828 3692 2882; x_wconf 85' lang='lat' dir='ltr'><strong>solum</strong></span> 
     </span>
    </p>
   </div>
   <div class='ocr_carea' id='block_1_90' title="bbox 2161 2919 3694 2990">
    <p class='ocr_par' dir='ltr' id='par_1_90' title="bbox 2161 2919 3694 2990">
     <span class='ocr_line' id='line_1_90' title="bbox 2161 2919 3694 2990; baseline -0.001 -19"><span class='ocrx_word' id='word_1_631' title='bbox 2161 2919 2374 2989; x_wconf 89' lang='lat' dir='ltr'><strong>indigne</strong></span> <span class='ocrx_word' id='word_1_632' title='bbox 2419 2921 2706 2981; x_wconf 87' lang='lat' dir='ltr'><strong>tractanda,</strong></span> <span class='ocrx_word' id='word_1_633' title='bbox 2737 2919 2828 2974; x_wconf 87' lang='lat' dir='ltr'><strong>scd</strong></span> <span class='ocrx_word' id='word_1_634' title='bbox 2857 2929 2909 2973; x_wconf 92' lang='lat' dir='ltr'><strong>et</strong></span> <span class='ocrx_word' id='word_1_635' title='bbox 2937 2919 3180 2990; x_wconf 86' lang='lat' dir='ltr'><strong>indignus</strong></span> <span class='ocrx_word' id='word_1_636' title='bbox 3227 2920 3473 2975; x_wconf 85' lang='lat' dir='ltr'><strong>accessit.</strong></span> <span class='ocrx_word' id='word_1_637' title='bbox 3507 2919 3569 2973; x_wconf 84' lang='lat' dir='ltr'><strong>Et</strong></span> <span class='ocrx_word' id='word_1_638' title='bbox 3593 2921 3694 2985; x_wconf 83' lang='lat' dir='ltr'><strong>qui-</strong></span> 
     </span>
    </p>
   </div>
   <div class='ocr_carea' id='block_1_91' title="bbox 2162 3007 3693 3078">
    <p class='ocr_par' dir='ltr' id='par_1_91' title="bbox 2162 3007 3693 3078">
     <span class='ocr_line' id='line_1_91' title="bbox 2162 3007 3693 3078; baseline 0.001 -17"><span class='ocrx_word' id='word_1_639' title='bbox 2162 3010 2283 3063; x_wconf 91' lang='lat' dir='ltr'><strong>dem</strong></span> <span class='ocrx_word' id='word_1_640' title='bbox 2328 3009 2575 3064; x_wconf 89' lang='lat' dir='ltr'><strong>terribilis</strong></span> <span class='ocrx_word' id='word_1_641' title='bbox 2602 3019 2782 3064; x_wconf 87' lang='lat' dir='ltr'><strong>contra</strong></span> <span class='ocrx_word' id='word_1_642' title='bbox 2814 3010 3114 3077; x_wconf 74' lang='lat' dir='ltr'><strong>huiusmodi</strong></span> <span class='ocrx_word' id='word_1_643' title='bbox 3157 3019 3564 3078; x_wconf 70' lang='lat' dir='ltr'><strong>praesumptores</strong></span> <span class='ocrx_word' id='word_1_644' title='bbox 3593 3007 3693 3063; x_wconf 84' lang='lat' dir='ltr'><strong>lleli</strong></span> 
     </span>
    </p>
   </div>
   <div class='ocr_carea' id='block_1_92' title="bbox 2169 3098 3696 3166">
    <p class='ocr_par' dir='ltr' id='par_1_92' title="bbox 2169 3098 3696 3166">
     <span class='ocr_line' id='line_1_92' title="bbox 2169 3098 3696 3166; baseline -0.003 -14"><span class='ocrx_word' id='word_1_645' title='bbox 2169 3099 2429 3153; x_wconf 88' lang='lat' dir='ltr'><strong>sententia</strong></span> <span class='ocrx_word' id='word_1_646' title='bbox 2460 3108 2726 3166; x_wconf 89' lang='lat' dir='ltr'><strong>personat,</strong></span> <span class='ocrx_word' id='word_1_647' title='bbox 2764 3100 2856 3152; x_wconf 89' lang='lat' dir='ltr'><strong>sed</strong></span> <span class='ocrx_word' id='word_1_648' title='bbox 2885 3100 3047 3151; x_wconf 89' lang='lat' dir='ltr'><strong>multo</strong></span> <span class='ocrx_word' id='word_1_649' title='bbox 3077 3099 3357 3152; x_wconf 87' lang='lat' dir='ltr'><strong>terribilior</strong></span> <span class='ocrx_word' id='word_1_650' title='bbox 3384 3099 3545 3164; x_wconf 68' lang='lat' dir='ltr'><strong>ipsius</strong></span> <span class='ocrx_word' id='word_1_651' title='bbox 3570 3098 3656 3164; x_wconf 72' lang='lat' dir='ltr'><strong>iud</strong></span> <span class='ocrx_word' id='word_1_652' title='bbox 3675 3122 3696 3136; x_wconf 79' lang='grc' dir='ltr'><strong><em>ο</em></strong></span> 
     </span>
    </p>
   </div>
   <div class='ocr_carea' id='block_1_93' title="bbox 2161 3187 3696 3257">
    <p class='ocr_par' dir='ltr' id='par_1_93' title="bbox 2161 3187 3696 3257">
     <span class='ocr_line' id='line_1_93' title="bbox 2161 3187 3696 3257; baseline -0.005 -16"><span class='ocrx_word' id='word_1_653' title='bbox 2161 3191 2237 3242; x_wconf 82' lang='lat' dir='ltr'><strong>t-is</strong></span> <span class='ocrx_word' id='word_1_654' title='bbox 2288 3204 2487 3252; x_wconf 73' lang='lat' dir='ltr'><strong>sermo,</strong></span> <span class='ocrx_word' id='word_1_655' title='bbox 2533 3189 2623 3256; x_wconf 86' lang='lat' dir='ltr'><strong>qui</strong></span> <span class='ocrx_word' id='word_1_656' title='bbox 2677 3188 2805 3241; x_wconf 90' lang='lat' dir='ltr'><strong>dicit</strong></span> <span class='ocrx_word' id='word_1_657' title='bbox 2857 3205 2869 3238; x_wconf 93' lang='lat'>:</span> <span class='ocrx_word' id='word_1_658' title='bbox 2918 3187 3208 3257; x_wconf 80' lang='lat' dir='ltr'><strong>Quicunque</strong></span> <span class='ocrx_word' id='word_1_659' title='bbox 3266 3187 3449 3240; x_wconf 76' lang='lat' dir='ltr'><strong>dixerit</strong></span> <span class='ocrx_word' id='word_1_660' title='bbox 3513 3187 3696 3238; x_wconf 71' lang='lat' dir='ltr'><strong>rerbuut</strong></span> 
     </span>
    </p>
   </div>
   <div class='ocr_carea' id='block_1_94' title="bbox 2160 3277 3697 3347">
    <p class='ocr_par' dir='ltr' id='par_1_94' title="bbox 2160 3277 3697 3347">
     <span class='ocr_line' id='line_1_94' title="bbox 2160 3277 3697 3347; baseline 0 -17"><span class='ocrx_word' id='word_1_661' title='bbox 2160 3289 2336 3332; x_wconf 81' lang='lat' dir='ltr'><strong>contra</strong></span> <span class='ocrx_word' id='word_1_662' title='bbox 2362 3278 2556 3332; x_wconf 78' lang='lat' dir='ltr'><strong>Filium</strong></span> <span class='ocrx_word' id='word_1_663' title='bbox 2587 3279 2803 3331; x_wconf 80' lang='lat' dir='ltr'><strong>hominis</strong></span> <span class='ocrx_word' id='word_1_664' title='bbox 2833 3279 3104 3332; x_wconf 74' lang='lat' dir='ltr'><strong>remittetur</strong></span> <span class='ocrx_word' id='word_1_665' title='bbox 3124 3279 3169 3332; x_wconf 86' lang='lat' dir='ltr'><strong>ei</strong></span> <span class='ocrx_word' id='word_1_666' title='bbox 3191 3293 3208 3341; x_wconf 87' lang='lat'><strong><em>;</em></strong></span> <span class='ocrx_word' id='word_1_667' title='bbox 3233 3278 3318 3347; x_wconf 76' lang='lat' dir='ltr'><strong>qui</strong></span> <span class='ocrx_word' id='word_1_668' title='bbox 3339 3286 3506 3329; x_wconf 72' lang='lat' dir='ltr'><strong>autem</strong></span> <span class='ocrx_word' id='word_1_669' title='bbox 3527 3277 3697 3330; x_wconf 72' lang='lat' dir='ltr'><strong>dixerit</strong></span> 
     </span>
    </p>
   </div>
   <div class='ocr_carea' id='block_1_95' title="bbox 2161 3367 3696 3437">
    <p class='ocr_par' dir='ltr' id='par_1_95' title="bbox 2161 3367 3696 3437">
     <span class='ocr_line' id='line_1_95' title="bbox 2161 3367 3696 3437; baseline -0.003 -16"><span class='ocrx_word' id='word_1_670' title='bbox 2161 3380 2335 3421; x_wconf 84' lang='lat' dir='ltr'><strong>contra</strong></span> <span class='ocrx_word' id='word_1_671' title='bbox 2382 3367 2626 3437; x_wconf 70' lang='lat' dir='ltr'><strong>Spiritum</strong></span> <span class='ocrx_word' id='word_1_672' title='bbox 2657 3378 2901 3432; x_wconf 84' lang='lat' dir='ltr'><strong>sanctum,</strong></span> <span class='ocrx_word' id='word_1_673' title='bbox 2939 3384 3038 3421; x_wconf 84' lang='lat' dir='ltr'><strong>non</strong></span> <span class='ocrx_word' id='word_1_674' title='bbox 3062 3370 3338 3421; x_wconf 77' lang='lat' dir='ltr'><strong>remittetur</strong></span> <span class='ocrx_word' id='word_1_675' title='bbox 3360 3369 3427 3430; x_wconf 87' lang='lat' dir='ltr'><strong>ei,</strong></span> <span class='ocrx_word' id='word_1_676' title='bbox 3466 3383 3619 3434; x_wconf 72' lang='lat' dir='ltr'><strong>neque</strong></span> <span class='ocrx_word' id='word_1_677' title='bbox 3651 3367 3696 3417; x_wconf 71' lang='lat' dir='ltr'><strong>in</strong></span> 
     </span>
    </p>
   </div>
   <div class='ocr_carea' id='block_1_96' title="bbox 2162 3458 3694 3530">
    <p class='ocr_par' dir='ltr' id='par_1_96' title="bbox 2162 3458 3694 3530">
     <span class='ocr_line' id='line_1_96' title="bbox 2162 3458 3694 3530; baseline -0.004 -17"><span class='ocrx_word' id='word_1_678' title='bbox 2162 3463 2255 3514; x_wconf 72' lang='lat' dir='ltr'><strong>hoc</strong></span> <span class='ocrx_word' id='word_1_679' title='bbox 2289 3461 2493 3523; x_wconf 66' lang='lat' dir='ltr'><strong>seculo,</strong></span> <span class='ocrx_word' id='word_1_680' title='bbox 2539 3461 2767 3524; x_wconf 68' lang='lat' dir='ltr'><strong>nereia</strong></span> <span class='ocrx_word' id='word_1_681' title='bbox 2795 3461 2968 3526; x_wconf 75' lang='lat' dir='ltr'><strong>futuro</strong></span> <span class='ocrx_word' id='word_1_682' title='bbox 3009 3459 3218 3530; x_wconf 72' lang='lat' dir='ltr'><strong>(Matth.</strong></span> <span class='ocrx_word' id='word_1_683' title='bbox 3264 3474 3372 3524; x_wconf 84' lang='lat' dir='ltr'><strong>xtt;</strong></span> <span class='ocrx_word' id='word_1_684' title='bbox 3406 3458 3531 3511; x_wconf 78' lang='lat' dir='ltr'><strong>Luc.</strong></span> <span class='ocrx_word' id='word_1_685' title='bbox 3585 3459 3694 3522; x_wconf 78' lang='lat' dir='ltr'><strong>xu).</strong></span> 
     </span>
    </p>
   </div>
   <div class='ocr_carea' id='block_1_97' title="bbox 2231 3552 3696 3622">
    <p class='ocr_par' dir='ltr' id='par_1_97' title="bbox 2231 3552 3696 3622">
     <span class='ocr_line' id='line_1_97' title="bbox 2231 3552 3696 3622; baseline -0.003 -16"><span class='ocrx_word' id='word_1_686' title='bbox 2231 3552 2368 3606; x_wconf 84' lang='lat' dir='ltr'><strong>Puer</strong></span> <span class='ocrx_word' id='word_1_687' title='bbox 2391 3563 2557 3608; x_wconf 85' lang='lat' dir='ltr'><strong>autem</strong></span> <span class='ocrx_word' id='word_1_688' title='bbox 2588 3553 2800 3608; x_wconf 85' lang='lat' dir='ltr'><strong>Samuel</strong></span> <span class='ocrx_word' id='word_1_689' title='bbox 2820 3554 3113 3622; x_wconf 80' lang='lat' dir='ltr'><strong>proﬁciebat</strong></span> <span class='ocrx_word' id='word_1_690' title='bbox 3133 3566 3278 3621; x_wconf 85' lang='lat' dir='ltr'><strong>a&#39;que</strong></span> <span class='ocrx_word' id='word_1_691' title='bbox 3304 3552 3573 3614; x_wconf 77' lang='lat' dir='ltr'><strong>crescebat,</strong></span> <span class='ocrx_word' id='word_1_692' title='bbox 3602 3560 3696 3603; x_wconf 90' lang='lat' dir='ltr'><strong>etc.</strong></span> 
     </span>
    </p>
   </div>
   <div class='ocr_carea' id='block_1_98' title="bbox 2161 3641 3697 3714">
    <p class='ocr_par' dir='ltr' id='par_1_98' title="bbox 2161 3641 3697 3714">
     <span class='ocr_line' id='line_1_98' title="bbox 2161 3641 3697 3714; baseline -0.005 -13"><span class='ocrx_word' id='word_1_693' title='bbox 2161 3646 2492 3701; x_wconf 87' lang='lat' dir='ltr'><strong>Senescente</strong></span> <span class='ocrx_word' id='word_1_694' title='bbox 2530 3659 2582 3700; x_wconf 91' lang='lat' dir='ltr'><strong>et</strong></span> <span class='ocrx_word' id='word_1_695' title='bbox 2627 3645 2905 3701; x_wconf 88' lang='lat' dir='ltr'><strong>deﬁciente</strong></span> <span class='ocrx_word' id='word_1_696' title='bbox 2944 3647 3056 3700; x_wconf 84' lang='lat' dir='ltr'><strong>lleli</strong></span> <span class='ocrx_word' id='word_1_697' title='bbox 3081 3688 3096 3712; x_wconf 91' lang='lat'><strong>,</strong></span> <span class='ocrx_word' id='word_1_698' title='bbox 3135 3661 3266 3714; x_wconf 87' lang='lat' dir='ltr'><strong>puer</strong></span> <span class='ocrx_word' id='word_1_699' title='bbox 3303 3643 3516 3700; x_wconf 84' lang='lat' dir='ltr'><strong>Samuel</strong></span> <span class='ocrx_word' id='word_1_700' title='bbox 3550 3641 3697 3708; x_wconf 81' lang='lat' dir='ltr'><strong>proﬁ-</strong></span> 
     </span>
    </p>
   </div>
   <div class='ocr_carea' id='block_1_99' title="bbox 2162 3736 3697 3808">
    <p class='ocr_par' dir='ltr' id='par_1_99' title="bbox 2162 3736 3697 3808">
     <span class='ocr_line' id='line_1_99' title="bbox 2162 3736 3697 3808; baseline -0.004 -17"><span class='ocrx_word' id='word_1_701' title='bbox 2162 3737 2334 3791; x_wconf 84' lang='lat' dir='ltr'><strong>ciebat</strong></span> <span class='ocrx_word' id='word_1_702' title='bbox 2364 3748 2520 3802; x_wconf 84' lang='lat' dir='ltr'><strong>atque</strong></span> <span class='ocrx_word' id='word_1_703' title='bbox 2550 3738 2851 3804; x_wconf 87' lang='lat' dir='ltr'><strong>crescebat;</strong></span> <span class='ocrx_word' id='word_1_704' title='bbox 2894 3739 3011 3808; x_wconf 91' lang='lat' dir='ltr'><strong>quia</strong></span> <span class='ocrx_word' id='word_1_705' title='bbox 3043 3738 3346 3806; x_wconf 87' lang='lat' dir='ltr'><strong>reprobatio</strong></span> <span class='ocrx_word' id='word_1_706' title='bbox 3390 3736 3595 3805; x_wconf 86' lang='lat' dir='ltr'><strong>quidem</strong></span> <span class='ocrx_word' id='word_1_707' title='bbox 3646 3737 3697 3787; x_wconf 86' lang='lat' dir='ltr'><strong>ﬁt</strong></span> 
     </span>
    </p>
   </div>
   <div class='ocr_carea' id='block_1_100' title="bbox 2166 3824 3697 3898">
    <p class='ocr_par' dir='ltr' id='par_1_100' title="bbox 2166 3824 3697 3898">
     <span class='ocr_line' id='line_1_100' title="bbox 2166 3824 3697 3898; baseline -0.001 -21"><span class='ocrx_word' id='word_1_708' title='bbox 2166 3824 2513 3894; x_wconf 58' lang='lat' dir='ltr'><strong>praecedentis</strong></span> <span class='ocrx_word' id='word_1_709' title='bbox 2544 3829 2776 3882; x_wconf 86' lang='lat' dir='ltr'><strong>mandati</strong></span> <span class='ocrx_word' id='word_1_710' title='bbox 2821 3838 3028 3898; x_wconf 89' lang='lat' dir='ltr'><strong>propter</strong></span> <span class='ocrx_word' id='word_1_711' title='bbox 3070 3829 3426 3883; x_wconf 88' lang='lat' dir='ltr'><strong>inlirmitatem</strong></span> <span class='ocrx_word' id='word_1_712' title='bbox 3483 3826 3598 3896; x_wconf 79' lang='lat' dir='ltr'><strong>ejus</strong></span> <span class='ocrx_word' id='word_1_713' title='bbox 3651 3835 3697 3878; x_wconf 87' lang='lat' dir='ltr'><strong>et</strong></span> 
     </span>
    </p>
   </div>
   <div class='ocr_carea' id='block_1_101' title="bbox 2167 3918 3693 3986">
    <p class='ocr_par' dir='ltr' id='par_1_101' title="bbox 2167 3918 3693 3986">
     <span class='ocr_line' id='line_1_101' title="bbox 2167 3918 3693 3986; baseline -0.001 -16"><span class='ocrx_word' id='word_1_714' title='bbox 2167 3918 2499 3971; x_wconf 88' lang='lat' dir='ltr'><strong>inutilitatem</strong></span> <span class='ocrx_word' id='word_1_715' title='bbox 2526 3934 2540 3981; x_wconf 91' lang='lat'><strong>;</strong></span> <span class='ocrx_word' id='word_1_716' title='bbox 2587 3919 2715 3971; x_wconf 86' lang='lat' dir='ltr'><strong>nihil</strong></span> <span class='ocrx_word' id='word_1_717' title='bbox 2762 3921 2902 3973; x_wconf 91' lang='lat' dir='ltr'><strong>enim</strong></span> <span class='ocrx_word' id='word_1_718' title='bbox 2939 3922 3002 3972; x_wconf 88' lang='lat' dir='ltr'><strong>ad</strong></span> <span class='ocrx_word' id='word_1_719' title='bbox 3033 3919 3324 3986; x_wconf 76' lang='lat' dir='ltr'><strong>perlectum</strong></span> <span class='ocrx_word' id='word_1_720' title='bbox 3353 3919 3564 3972; x_wconf 87' lang='lat' dir='ltr'><strong>adduxit</strong></span> <span class='ocrx_word' id='word_1_721' title='bbox 3593 3919 3693 3980; x_wconf 79' lang='lat' dir='ltr'><strong>lex,</strong></span> 
     </span>
    </p>
   </div>
   <div class='ocr_carea' id='block_1_102' title="bbox 2168 4007 3698 4079">
    <p class='ocr_par' dir='ltr' id='par_1_102' title="bbox 2168 4007 3698 4079">
     <span class='ocr_line' id='line_1_102' title="bbox 2168 4007 3698 4079; baseline 0.003 -20"><span class='ocrx_word' id='word_1_722' title='bbox 2168 4007 2486 4060; x_wconf 87' lang='lat' dir='ltr'><strong>introductio</strong></span> <span class='ocrx_word' id='word_1_723' title='bbox 2533 4024 2659 4063; x_wconf 69' lang='lat' dir='ltr'><strong>vero</strong></span> <span class='ocrx_word' id='word_1_724' title='bbox 2692 4009 2924 4063; x_wconf 87' lang='lat' dir='ltr'><strong>melioris</strong></span> <span class='ocrx_word' id='word_1_725' title='bbox 2950 4011 3085 4078; x_wconf 85' lang='lat' dir='ltr'><strong>spei,</strong></span> <span class='ocrx_word' id='word_1_726' title='bbox 3125 4025 3217 4078; x_wconf 89' lang='lat' dir='ltr'><strong>per</strong></span> <span class='ocrx_word' id='word_1_727' title='bbox 3256 4025 3414 4079; x_wconf 86' lang='lat' dir='ltr'><strong>quam</strong></span> <span class='ocrx_word' id='word_1_728' title='bbox 3446 4009 3698 4079; x_wconf 77' lang='lat' dir='ltr'><strong>proxima-</strong></span> 
     </span>
    </p>
   </div>
   <div class='ocr_carea' id='block_1_103' title="bbox 2167 4097 2591 4152">
    <p class='ocr_par' dir='ltr' id='par_1_103' title="bbox 2167 4097 2591 4152">
     <span class='ocr_line' id='line_1_103' title="bbox 2167 4097 2591 4152; baseline 0 -1"><span class='ocrx_word' id='word_1_729' title='bbox 2167 4112 2283 4151; x_wconf 87' lang='lat' dir='ltr'><strong>mus</strong></span> <span class='ocrx_word' id='word_1_730' title='bbox 2311 4097 2376 4151; x_wconf 90' lang='lat' dir='ltr'><strong>ad</strong></span> <span class='ocrx_word' id='word_1_731' title='bbox 2407 4098 2591 4152; x_wconf 91' lang='lat' dir='ltr'><strong>Deum.</strong></span> 
     </span>
    </p>
   </div>
   <div class='ocr_carea' id='block_1_104' title="bbox 2756 4189 3119 4245">
    <p class='ocr_par' dir='ltr' id='par_1_104' title="bbox 2756 4189 3119 4245">
     <span class='ocr_line' id='line_1_104' title="bbox 2756 4189 3119 4245; baseline -0.006 -1"><span class='ocrx_word' id='word_1_732' title='bbox 2756 4189 2978 4245; x_wconf 79' lang='lat' dir='ltr'><strong>CAPUT</strong></span> <span class='ocrx_word' id='word_1_733' title='bbox 3019 4189 3119 4243; x_wconf 66' lang='grc' dir='ltr'><strong>ΥΠ.</strong></span> 
     </span>
    </p>
   </div>
   <div class='ocr_carea' id='block_1_105' title="bbox 2179 4276 3703 4348">
    <p class='ocr_par' dir='ltr' id='par_1_105' title="bbox 2179 4276 3703 4348">
     <span class='ocr_line' id='line_1_105' title="bbox 2179 4276 3703 4348; baseline 0 -18"><span class='ocrx_word' id='word_1_734' title='bbox 2179 4276 2390 4332; x_wconf 71' lang='lat' dir='ltr'><strong>Veniens</strong></span> <span class='ocrx_word' id='word_1_735' title='bbox 2432 4283 2499 4331; x_wconf 85' lang='lat' dir='ltr'><strong>ad</strong></span> <span class='ocrx_word' id='word_1_736' title='bbox 2538 4279 2659 4332; x_wconf 80' lang='lat' dir='ltr'><strong>Heli</strong></span> <span class='ocrx_word' id='word_1_737' title='bbox 2704 4279 3019 4348; x_wconf 76' lang='lat' dir='ltr'><strong>prophetam,</strong></span> <span class='ocrx_word' id='word_1_738' title='bbox 3050 4293 3161 4344; x_wconf 69' lang='lat' dir='ltr'><strong>quia</strong></span> <span class='ocrx_word' id='word_1_739' title='bbox 3183 4277 3356 4329; x_wconf 81' lang='lat' dir='ltr'><strong>domui</strong></span> <span class='ocrx_word' id='word_1_740' title='bbox 3381 4279 3489 4348; x_wconf 81' lang='lat' dir='ltr'><strong>ejus</strong></span> <span class='ocrx_word' id='word_1_741' title='bbox 3510 4278 3568 4331; x_wconf 76' lang='lat' dir='ltr'><strong>ob</strong></span> <span class='ocrx_word' id='word_1_742' title='bbox 3597 4291 3703 4330; x_wconf 76' lang='lat' dir='ltr'><strong>rea-</strong></span> 
     </span>
    </p>
   </div>
   <div class='ocr_carea' id='block_1_106' title="bbox 2378 4347 3498 4416">
    <p class='ocr_par' dir='ltr' id='par_1_106' title="bbox 2378 4347 3498 4416">
     <span class='ocr_line' id='line_1_106' title="bbox 2378 4347 3498 4416; baseline 0 -17"><span class='ocrx_word' id='word_1_743' title='bbox 2378 4359 2485 4400; x_wconf 87' lang='lat' dir='ltr'><strong>tum</strong></span> <span class='ocrx_word' id='word_1_744' title='bbox 2517 4347 2828 4416; x_wconf 83' lang='lat' dir='ltr'><strong>contemptus</strong></span> <span class='ocrx_word' id='word_1_745' title='bbox 2857 4351 2956 4401; x_wconf 87' lang='lat' dir='ltr'><strong>sint</strong></span> <span class='ocrx_word' id='word_1_746' title='bbox 2976 4358 3211 4408; x_wconf 77' lang='lat' dir='ltr'><strong>eventura</strong></span> <span class='ocrx_word' id='word_1_747' title='bbox 3231 4347 3498 4416; x_wconf 70' lang='lat' dir='ltr'><strong>depromit.</strong></span> 
     </span>
    </p>
   </div>
   <div class='ocr_carea' id='block_1_107' title="bbox 2245 4433 3704 4503">
    <p class='ocr_par' dir='ltr' id='par_1_107' title="bbox 2245 4433 3704 4503">
     <span class='ocr_line' id='line_1_107' title="bbox 2245 4433 3704 4503; baseline 0.001 -18"><span class='ocrx_word' id='word_1_748' title='bbox 2245 4433 2386 4489; x_wconf 83' lang='lat' dir='ltr'><strong>Venit</strong></span> <span class='ocrx_word' id='word_1_749' title='bbox 2408 4446 2570 4489; x_wconf 85' lang='lat' dir='ltr'><strong>autem</strong></span> <span class='ocrx_word' id='word_1_750' title='bbox 2587 4439 2662 4491; x_wconf 84' lang='lat' dir='ltr'><strong>vir</strong></span> <span class='ocrx_word' id='word_1_751' title='bbox 2678 4436 2773 4491; x_wconf 87' lang='lat' dir='ltr'><strong>Dei</strong></span> <span class='ocrx_word' id='word_1_752' title='bbox 2787 4439 2854 4489; x_wconf 85' lang='lat' dir='ltr'><strong>ad</strong></span> <span class='ocrx_word' id='word_1_753' title='bbox 2871 4437 3006 4503; x_wconf 81' lang='lat' dir='ltr'><strong>Heli,</strong></span> <span class='ocrx_word' id='word_1_754' title='bbox 3024 4446 3126 4490; x_wconf 90' lang='lat' dir='ltr'><strong>etc.</strong></span> <span class='ocrx_word' id='word_1_755' title='bbox 3148 4439 3269 4491; x_wconf 66' lang='lat' dir='ltr'><strong>lla‘c</strong></span> <span class='ocrx_word' id='word_1_756' title='bbox 3291 4435 3444 4489; x_wconf 84' lang='lat' dir='ltr'><strong>lectio</strong></span> <span class='ocrx_word' id='word_1_757' title='bbox 3465 4449 3565 4488; x_wconf 88' lang='lat' dir='ltr'><strong>non</strong></span> <span class='ocrx_word' id='word_1_758' title='bbox 3588 4433 3704 4500; x_wconf 72' lang='lat' dir='ltr'><strong>ligu-</strong></span> 
     </span>
    </p>
   </div>
   <div class='ocr_carea' id='block_1_108' title="bbox 2171 4518 3705 4594">
    <p class='ocr_par' dir='ltr' id='par_1_108' title="bbox 2171 4518 3705 4594">
     <span class='ocr_line' id='line_1_108' title="bbox 2171 4518 3705 4594; baseline -0.003 -17"><span class='ocrx_word' id='word_1_759' title='bbox 2171 4524 2244 4577; x_wconf 90' lang='lat' dir='ltr'><strong>ris</strong></span> <span class='ocrx_word' id='word_1_760' title='bbox 2275 4539 2473 4591; x_wconf 90' lang='lat' dir='ltr'><strong>rerum,</strong></span> <span class='ocrx_word' id='word_1_761' title='bbox 2518 4527 2610 4579; x_wconf 87' lang='lat' dir='ltr'><strong>sed</strong></span> <span class='ocrx_word' id='word_1_762' title='bbox 2640 4532 2837 4594; x_wconf 82' lang='lat' dir='ltr'><strong>apertis</strong></span> <span class='ocrx_word' id='word_1_763' title='bbox 2863 4527 3152 4592; x_wconf 76' lang='lat' dir='ltr'><strong>proplretize</strong></span> <span class='ocrx_word' id='word_1_764' title='bbox 3181 4523 3361 4588; x_wconf 89' lang='lat' dir='ltr'><strong>dictis,</strong></span> <span class='ocrx_word' id='word_1_765' title='bbox 3394 4532 3556 4577; x_wconf 91' lang='lat' dir='ltr'><strong>toturn</strong></span> <span class='ocrx_word' id='word_1_766' title='bbox 3583 4518 3705 4574; x_wconf 89' lang='lat' dir='ltr'><strong>illud</strong></span> 
     </span>
    </p>
   </div>
   <div class='ocr_carea' id='block_1_109' title="bbox 2171 4604 3706 4681">
    <p class='ocr_par' dir='ltr' id='par_1_109' title="bbox 2171 4604 3706 4681">
     <span class='ocr_line' id='line_1_109' title="bbox 2171 4604 3706 4681; baseline -0.003 -13"><span class='ocrx_word' id='word_1_767' title='bbox 2171 4625 2320 4669; x_wconf 81' lang='lat' dir='ltr'><strong>vetus</strong></span> <span class='ocrx_word' id='word_1_768' title='bbox 2369 4615 2747 4678; x_wconf 81' lang='lat' dir='ltr'><strong>sacerdotium,</strong></span> <span class='ocrx_word' id='word_1_769' title='bbox 2795 4614 2930 4681; x_wconf 86' lang='lat' dir='ltr'><strong>quod</strong></span> <span class='ocrx_word' id='word_1_770' title='bbox 2972 4613 3041 4668; x_wconf 90' lang='lat' dir='ltr'><strong>de</strong></span> <span class='ocrx_word' id='word_1_771' title='bbox 3086 4604 3288 4667; x_wconf 85' lang='lat' dir='ltr'><strong>semine</strong></span> <span class='ocrx_word' id='word_1_772' title='bbox 3329 4613 3528 4674; x_wconf 78' lang='lat' dir='ltr'><strong>Aaron,</strong></span> <span class='ocrx_word' id='word_1_773' title='bbox 3576 4623 3706 4664; x_wconf 78' lang='lat' dir='ltr'><strong>navo</strong></span> 
     </span>
    </p>
   </div>
   <div class='ocr_carea' id='block_1_110' title="bbox 2170 4702 3701 4774">
    <p class='ocr_par' dir='ltr' id='par_1_110' title="bbox 2170 4702 3701 4774">
     <span class='ocr_line' id='line_1_110' title="bbox 2170 4702 3701 4774; baseline -0.005 -12"><span class='ocrx_word' id='word_1_774' title='bbox 2170 4707 2368 4762; x_wconf 73' lang='lat' dir='ltr'><strong>Christi</strong></span> <span class='ocrx_word' id='word_1_775' title='bbox 2413 4706 2729 4769; x_wconf 83' lang='lat' dir='ltr'><strong>sacerdotio,</strong></span> <span class='ocrx_word' id='word_1_776' title='bbox 2771 4704 2910 4773; x_wconf 90' lang='lat' dir='ltr'><strong>quod</strong></span> <span class='ocrx_word' id='word_1_777' title='bbox 2953 4702 3174 4758; x_wconf 88' lang='lat' dir='ltr'><strong>nuncin</strong></span> <span class='ocrx_word' id='word_1_778' title='bbox 3215 4703 3450 4759; x_wconf 82' lang='lat' dir='ltr'><strong>Ecclesia</strong></span> <span class='ocrx_word' id='word_1_779' title='bbox 3488 4705 3701 4774; x_wconf 85' lang='lat' dir='ltr'><strong>geritur,</strong></span> 
     </span>
    </p>
   </div>
   <div class='ocr_carea' id='block_1_111' title="bbox 2171 4794 2832 4852">
    <p class='ocr_par' dir='ltr' id='par_1_111' title="bbox 2171 4794 2832 4852">
     <span class='ocr_line' id='line_1_111' title="bbox 2171 4794 2832 4852; baseline -0.009 0"><span class='ocrx_word' id='word_1_780' title='bbox 2171 4797 2327 4852; x_wconf 89' lang='lat' dir='ltr'><strong>docet</strong></span> <span class='ocrx_word' id='word_1_781' title='bbox 2352 4809 2470 4850; x_wconf 90' lang='lat' dir='ltr'><strong>esse</strong></span> <span class='ocrx_word' id='word_1_782' title='bbox 2499 4794 2832 4848; x_wconf 91' lang='lat' dir='ltr'><strong>mutandum.</strong></span> 
     </span>
    </p>
   </div>
   <div class='ocr_carea' id='block_1_112' title="bbox 2243 4879 3706 4957">
    <p class='ocr_par' dir='ltr' id='par_1_112' title="bbox 2243 4879 3706 4957">
     <span class='ocr_line' id='line_1_112' title="bbox 2243 4879 3706 4957; baseline -0.006 -16"><span class='ocrx_word' id='word_1_783' title='bbox 2243 4887 2492 4957; x_wconf 83' lang='lat' dir='ltr'><strong>Nunquid</strong></span> <span class='ocrx_word' id='word_1_784' title='bbox 2540 4902 2640 4939; x_wconf 87' lang='lat' dir='ltr'><strong>non</strong></span> <span class='ocrx_word' id='word_1_785' title='bbox 2667 4894 2839 4951; x_wconf 83' lang='lat' dir='ltr'><strong>aperte</strong></span> <span class='ocrx_word' id='word_1_786' title='bbox 2868 4884 3110 4938; x_wconf 75' lang='lat' dir='ltr'><strong>revelatus</strong></span> <span class='ocrx_word' id='word_1_787' title='bbox 3139 4881 3291 4935; x_wconf 77' lang='lat' dir='ltr'><strong>sunt?</strong></span> <span class='ocrx_word' id='word_1_788' title='bbox 3318 4890 3426 4935; x_wconf 88' lang='lat' dir='ltr'><strong>etc.</strong></span> <span class='ocrx_word' id='word_1_789' title='bbox 3464 4879 3574 4934; x_wconf 70' lang='lat' dir='ltr'><strong>Non</strong></span> <span class='ocrx_word' id='word_1_790' title='bbox 3601 4880 3706 4932; x_wconf 65' lang='lat' dir='ltr'><strong>hac</strong></span> 
     </span>
    </p>
   </div>
   <div class='ocr_carea' id='block_1_113' title="bbox 2173 4971 3705 5047">
    <p class='ocr_par' dir='ltr' id='par_1_113' title="bbox 2173 4971 3705 5047">
     <span class='ocr_line' id='line_1_113' title="bbox 2173 4971 3705 5047; baseline -0.007 -13"><span class='ocrx_word' id='word_1_791' title='bbox 2173 4980 2240 5034; x_wconf 88' lang='lat' dir='ltr'><strong>de</strong></span> <span class='ocrx_word' id='word_1_792' title='bbox 2265 4981 2502 5047; x_wconf 90' lang='lat' dir='ltr'><strong>proximo</strong></span> <span class='ocrx_word' id='word_1_793' title='bbox 2524 4987 2673 5046; x_wconf 91' lang='lat' dir='ltr'><strong>patre</strong></span> <span class='ocrx_word' id='word_1_794' title='bbox 2697 4977 2836 5040; x_wconf 85' lang='lat' dir='ltr'><strong>Heli,</strong></span> <span class='ocrx_word' id='word_1_795' title='bbox 2859 4976 2946 5045; x_wconf 91' lang='lat' dir='ltr'><strong>qui</strong></span> <span class='ocrx_word' id='word_1_796' title='bbox 2996 4974 3050 5028; x_wconf 92' lang='lat' dir='ltr'><strong>in</strong></span> <span class='ocrx_word' id='word_1_797' title='bbox 3081 4973 3169 5026; x_wconf 87' lang='lat' dir='ltr'><strong>illa</strong></span> <span class='ocrx_word' id='word_1_798' title='bbox 3194 4971 3439 5042; x_wconf 66' lang='lat' dir='ltr'><strong>Egyptia</strong></span> <span class='ocrx_word' id='word_1_799' title='bbox 3466 4971 3705 5026; x_wconf 76' lang='lat' dir='ltr'><strong>servitute</strong></span> 
     </span>
    </p>
   </div>
   <div class='ocr_carea' id='block_1_114' title="bbox 2176 5062 3707 5138">
    <p class='ocr_par' dir='ltr' id='par_1_114' title="bbox 2176 5062 3707 5138">
     <span class='ocr_line' id='line_1_114' title="bbox 2176 5062 3707 5138; baseline -0.007 -14"><span class='ocrx_word' id='word_1_800' title='bbox 2176 5070 2290 5124; x_wconf 84' lang='lat' dir='ltr'><strong>ﬁeri</strong></span> <span class='ocrx_word' id='word_1_801' title='bbox 2316 5084 2416 5123; x_wconf 90' lang='lat' dir='ltr'><strong>non</strong></span> <span class='ocrx_word' id='word_1_802' title='bbox 2468 5070 2655 5138; x_wconf 88' lang='lat' dir='ltr'><strong>potuit,</strong></span> <span class='ocrx_word' id='word_1_803' title='bbox 2689 5068 2946 5134; x_wconf 89' lang='lat' dir='ltr'><strong>loquitur;</strong></span> <span class='ocrx_word' id='word_1_804' title='bbox 2978 5063 3070 5118; x_wconf 89' lang='lat' dir='ltr'><strong>sed</strong></span> <span class='ocrx_word' id='word_1_805' title='bbox 3101 5062 3166 5116; x_wconf 89' lang='lat' dir='ltr'><strong>de</strong></span> <span class='ocrx_word' id='word_1_806' title='bbox 3195 5062 3310 5131; x_wconf 89' lang='lat' dir='ltr'><strong>ipso</strong></span> <span class='ocrx_word' id='word_1_807' title='bbox 3339 5064 3538 5130; x_wconf 81' lang='lat' dir='ltr'><strong>Aaron,</strong></span> <span class='ocrx_word' id='word_1_808' title='bbox 3567 5064 3707 5131; x_wconf 80' lang='lat' dir='ltr'><strong>cuius</strong></span> 
     </span>
    </p>
   </div>
   <div class='ocr_carea' id='block_1_115' title="bbox 2176 5153 3708 5228">
    <p class='ocr_par' dir='ltr' id='par_1_115' title="bbox 2176 5153 3708 5228">
     <span class='ocr_line' id='line_1_115' title="bbox 2176 5153 3708 5228; baseline -0.006 -14"><span class='ocrx_word' id='word_1_809' title='bbox 2176 5163 2353 5217; x_wconf 71' lang='lat' dir='ltr'><strong>domui</strong></span> <span class='ocrx_word' id='word_1_810' title='bbox 2384 5161 2646 5217; x_wconf 80' lang='lat' dir='ltr'><strong>revelatus</strong></span> <span class='ocrx_word' id='word_1_811' title='bbox 2668 5167 2749 5214; x_wconf 88' lang='lat' dir='ltr'><strong>est</strong></span> <span class='ocrx_word' id='word_1_812' title='bbox 2769 5158 2822 5211; x_wconf 92' lang='lat' dir='ltr'><strong>in</strong></span> <span class='ocrx_word' id='word_1_813' title='bbox 2848 5155 3098 5228; x_wconf 68' lang='lat' dir='ltr'><strong>Egypto,</strong></span> <span class='ocrx_word' id='word_1_814' title='bbox 3128 5169 3387 5224; x_wconf 86' lang='lat' dir='ltr'><strong>quamque</strong></span> <span class='ocrx_word' id='word_1_815' title='bbox 3435 5154 3558 5208; x_wconf 88' lang='lat' dir='ltr'><strong>inde</strong></span> <span class='ocrx_word' id='word_1_816' title='bbox 3587 5153 3708 5208; x_wconf 81' lang='lat' dir='ltr'><strong>edu-</strong></span> 
     </span>
    </p>
   </div>
   <div class='ocr_carea' id='block_1_116' title="bbox 2175 5241 3709 5312">
    <p class='ocr_par' dir='ltr' id='par_1_116' title="bbox 2175 5241 3709 5312">
     <span class='ocr_line' id='line_1_116' title="bbox 2175 5241 3709 5312; baseline -0.01 -3"><span class='ocrx_word' id='word_1_817' title='bbox 2175 5265 2312 5309; x_wconf 87' lang='lat' dir='ltr'><strong>ctam</strong></span> <span class='ocrx_word' id='word_1_818' title='bbox 2335 5253 2576 5307; x_wconf 87' lang='lat' dir='ltr'><strong>omnibus</strong></span> <span class='ocrx_word' id='word_1_819' title='bbox 2599 5248 2835 5303; x_wconf 90' lang='lat' dir='ltr'><strong>tribubus</strong></span> <span class='ocrx_word' id='word_1_820' title='bbox 2856 5245 3013 5300; x_wconf 89' lang='lat' dir='ltr'><strong>Israel</strong></span> <span class='ocrx_word' id='word_1_821' title='bbox 3036 5245 3310 5299; x_wconf 89' lang='lat' dir='ltr'><strong>sacerdotii</strong></span> <span class='ocrx_word' id='word_1_822' title='bbox 3327 5243 3450 5312; x_wconf 84' lang='lat' dir='ltr'><strong>jure</strong></span> <span class='ocrx_word' id='word_1_823' title='bbox 3472 5241 3709 5312; x_wconf 73' lang='lat' dir='ltr'><strong>prandiis.</strong></span> 
     </span>
    </p>
   </div>
   <div class='ocr_carea' id='block_1_117' title="bbox 2252 5328 3700 5404">
    <p class='ocr_par' dir='ltr' id='par_1_117' title="bbox 2252 5328 3700 5404">
     <span class='ocr_line' id='line_1_117' title="bbox 2252 5328 3700 5404; baseline -0.01 -10"><span class='ocrx_word' id='word_1_824' title='bbox 2252 5343 2313 5394; x_wconf 79' lang='lat' dir='ltr'><strong>Et</strong></span> <span class='ocrx_word' id='word_1_825' title='bbox 2354 5342 2468 5392; x_wconf 77' lang='lat' dir='ltr'><strong>dedi</strong></span> <span class='ocrx_word' id='word_1_826' title='bbox 2502 5338 2671 5390; x_wconf 88' lang='lat' dir='ltr'><strong>domui</strong></span> <span class='ocrx_word' id='word_1_827' title='bbox 2701 5337 2859 5404; x_wconf 87' lang='lat' dir='ltr'><strong>patris</strong></span> <span class='ocrx_word' id='word_1_828' title='bbox 2888 5334 2959 5387; x_wconf 88' lang='lat' dir='ltr'><strong>tui</strong></span> <span class='ocrx_word' id='word_1_829' title='bbox 2985 5334 3173 5398; x_wconf 87' lang='lat' dir='ltr'><strong>omnia,</strong></span> <span class='ocrx_word' id='word_1_830' title='bbox 3201 5343 3306 5386; x_wconf 90' lang='lat' dir='ltr'><strong>etc.</strong></span> <span class='ocrx_word' id='word_1_831' title='bbox 3336 5331 3521 5383; x_wconf 78' lang='lat' dir='ltr'><strong>Omnia</strong></span> <span class='ocrx_word' id='word_1_832' title='bbox 3546 5328 3611 5382; x_wconf 90' lang='lat' dir='ltr'><strong>de</strong></span> <span class='ocrx_word' id='word_1_833' title='bbox 3633 5340 3700 5380; x_wconf 72' lang='lat' dir='ltr'><strong>sa</strong></span> 
     </span>
    </p>
   </div>
   <div class='ocr_carea' id='block_1_118' title="bbox 2183 5411 3710 5496">
    <p class='ocr_par' dir='ltr' id='par_1_118' title="bbox 2183 5411 3710 5496">
     <span class='ocr_line' id='line_1_118' title="bbox 2183 5411 3710 5496; baseline -0.01 -11"><span class='ocrx_word' id='word_1_834' title='bbox 2183 5431 2400 5485; x_wconf 89' lang='lat' dir='ltr'><strong>criﬁciis</strong></span> <span class='ocrx_word' id='word_1_835' title='bbox 2438 5428 2639 5496; x_wconf 88' lang='lat' dir='ltr'><strong>populi,</strong></span> <span class='ocrx_word' id='word_1_836' title='bbox 2670 5439 2993 5496; x_wconf 73' lang='lat' dir='ltr'><strong>quzecurtque</strong></span> <span class='ocrx_word' id='word_1_837' title='bbox 3028 5411 3332 5476; x_wconf 84' lang='lat' dir='ltr'><strong>sacerdotes</strong></span> <span class='ocrx_word' id='word_1_838' title='bbox 3363 5418 3602 5486; x_wconf 84' lang='lat' dir='ltr'><strong>accipere</strong></span> <span class='ocrx_word' id='word_1_839' title='bbox 3625 5418 3710 5470; x_wconf 81' lang='lat' dir='ltr'><strong>de-</strong></span> 
     </span>
    </p>
   </div>
   <div class='ocr_carea' id='block_1_119' title="bbox 2180 5504 3710 5586">
    <p class='ocr_par' dir='ltr' id='par_1_119' title="bbox 2180 5504 3710 5586">
     <span class='ocr_line' id='line_1_119' title="bbox 2180 5504 3710 5586; baseline -0.009 -13"><span class='ocrx_word' id='word_1_840' title='bbox 2180 5522 2354 5584; x_wconf 87' lang='lat' dir='ltr'><strong>cebat,</strong></span> <span class='ocrx_word' id='word_1_841' title='bbox 2403 5519 2522 5571; x_wconf 73' lang='lat' dir='ltr'><strong>ﬁliis</strong></span> <span class='ocrx_word' id='word_1_842' title='bbox 2569 5520 2744 5570; x_wconf 78' lang='lat' dir='ltr'><strong>Aaron</strong></span> <span class='ocrx_word' id='word_1_843' title='bbox 2790 5515 2951 5586; x_wconf 89' lang='lat' dir='ltr'><strong>patris</strong></span> <span class='ocrx_word' id='word_1_844' title='bbox 2989 5512 3086 5580; x_wconf 86' lang='lat' dir='ltr'><strong>tui,</strong></span> <span class='ocrx_word' id='word_1_845' title='bbox 3133 5509 3454 5582; x_wconf 86' lang='lat' dir='ltr'><strong>quiaeosin</strong></span> <span class='ocrx_word' id='word_1_846' title='bbox 3481 5504 3710 5563; x_wconf 82' lang='lat' dir='ltr'><strong>sacerdo-</strong></span> 
     </span>
    </p>
   </div>
   <div class='ocr_carea' id='block_1_120' title="bbox 2184 5609 2746 5677">
    <p class='ocr_par' dir='ltr' id='par_1_120' title="bbox 2184 5609 2746 5677">
     <span class='ocr_line' id='line_1_120' title="bbox 2184 5609 2746 5677; baseline -0.005 -14"><span class='ocrx_word' id='word_1_847' title='bbox 2184 5609 2308 5663; x_wconf 89' lang='lat' dir='ltr'><strong>tium</strong></span> <span class='ocrx_word' id='word_1_848' title='bbox 2341 5609 2495 5676; x_wconf 80' lang='lat' dir='ltr'><strong>elegi,</strong></span> <span class='ocrx_word' id='word_1_849' title='bbox 2532 5609 2746 5677; x_wconf 77' lang='lat' dir='ltr'><strong>prtebul.</strong></span> 
     </span>
    </p>
   </div>
  </div>
