3898 6260
153 341 262 397 317

688 336 753 392 IN
794 329 1167 392 SAMUELEM
1210 327 1628 411 PROPII_ETA3!
1659 327 1747 385 AL

1857 321 2092 381 GOBICA
2137 325 2516 384 EXPOSITIO.
2555 359 2628 373 —
2668 329 2773 386 ΜΒ
2809 330 2850 386 Ι.

3281 333 3387 391 518

235 448 304 504 Et
334 451 494 518 magis
533 449 792 504 honorasti
833 448 966 516 ﬁlios
1005 457 1115 500 tuos
1159 461 1306 513 quant
1337 460 1413 499 me
1437 486 1453 512 ,
1485 454 1588 499 etc.
1622 443 1734 496 Non
1764 442 1808 499 A
1839 438 2066 493 muelem
2098 440 2397 508 pertinent,
2427 440 2546 509 quia
2595 451 2648 494 et
2678 442 2831 512 hujus
2863 442 3086 498 ﬁliorum
3117 459 3290 509 mors,
3333 456 3389 502 et

159 538 403 592 contenti
440 548 588 606 parte
613 552 768 606 quam
793 537 940 590 vobis
962 534 1222 597 concessi,
1254 535 1414 588 etiam
1446 533 1724 602 primitias,

163 643 291 697 qua:
313 628 441 682 mihi
462 629 823 692 debebantur,
853 626 1096 694 accipere
1125 624 1396 686 teutasris;
1429 626 1564 691 quod
1591 630 1645 676 et
1668 622 1732 676 de

167 725 435 786 tempore,
484 725 541 771 et
584 718 652 771 de
696 717 949 784 portione,
968 715 1344 768 sacriﬁciorum
1375 720 1550 780 petest
1581 713 1732 765 intel-

173 805 299 875 ligi;
343 807 465 876 quia
493 815 770 874 antequam
803 807 967 872 adeps
1001 805 1329 870 incenderet,
1362 805 1556 873 Optima
1590 820 1734 872 qua:-

171 910 279 961 que
309 898 410 950 silit
438 910 503 948 ne
544 895 771 950 victimis
798 894 1126 950 comedenda
1159 898 1569 962 prmsumeliant,
1600 896 1737 948 sicut

174 1000 338 1053 supra
369 987 562 1040 lectum
591 995 693 1041 est.

251 1073 523 1140 Propterea
562 1077 632 1128 ait
683 1075 927 1128 Dominus
973 1073 1103 1126 Deus
1150 1071 1352 1127 Israel:
1381 1073 1613 1142 Loquens
1661 1074 1740 1127 lo-

180 1177 326 1220 cutus
374 1183 505 1230 sum,
548 1176 653 1222 etc.
679 1168 946 1235 Qumritur
968 1183 1068 1236 qua
1096 1166 1301 1220 ratione
1324 1177 1573 1228 mutetur,
1599 1166 1738 1232 quod

183 1261 503 1324 promissum
535 1268 618 1314 est
648 1270 901 1329 perpetuo
934 1274 1278 1321 mansurum;
1330 1259 1422 1311 scd
1453 1257 1628 1312 recole
1657 1271 1741 1308 sa-

184 1349 482 1402 cerdotium
529 1351 703 1403 Aaron
753 1350 990 1403 umbram
1036 1347 1216 1402 ειετηί
1249 1345 1408 1401 fuisse
1436 1346 1736 1408 sacerdotii,

187 1449 240 1491 et
283 1439 685 1506 promissionem
731 1439 1076 1504 mternitatis;
1122 1439 1362 1506 intellige
1403 1453 1505 1491 non
1533 1437 1596 1490 ad
1630 1454 1742 1490 um-

191 1528 363 1591 bram,
415 1530 505 1582 sed
557 1531 620 1582 ad
669 1516 967 1584 umbratam
1017 1530 1286 1597 pertinere
1334 1531 1628 1584 veritatem.
1672 1531 1745 1584 Ne

187 1619 332 1671 enim
391 1619 629 1674 urnhram
686 1619 1012 1689 ﬁguramque
1070 1627 1282 1687 putares
1333 1620 1740 1686 sempiternam,

189 1707 304 1775 ipsa
341 1723 550 1776 quoque
578 1708 763 1772 debuit
804 1707 920 1777 ejus
965 1709 1189 1764 mutatio
1238 1704 1560 1775 prophetari.
1603 1709 1745 1772 Quo-

1833 529 1978 583 illius
2025 544 2128 583 non
2159 530 2227 584 de
2265 544 2458 599 genere
2505 532 2678 604 Aaron
2726 534 2775 586 in
2805 535 3134 590 sacerdotem
3165 539 3388 603 electio,

1832 628 2054 673 mortem
2089 634 2191 672 non
2218 620 2488 673 hominum
2507 661 2521 683 ,
2566 622 2656 672 sed
2689 622 2852 688 ipsius
2878 625 3071 679 veteris
3099 628 3384 681 sacerdmii

1831 706 2127 776 signiﬁcat,
2160 708 2389 776 novique
2429 709 2856 764 substitutionent
2879 752 2892 775 ,
2937 711 2987 766 in
3017 729 3120 781 quo
3148 716 3388 782 Christus

1810 805 1911 853 ,εει
1943 795 1992 849 in
2023 795 2150 851 ccci.
2171 797 2247 851 sia
2280 798 2528 851 sacerdos
2575 798 2624 850 in
2654 808 2906 853 atternum
2932 803 3218 857 seettudum
3248 806 3392 860 ordio

1836 900 1954 941 nem
1987 886 2394 963 Me'chisedcch.
2447 886 2809 954 Quod-autem
2855 891 2928 942 ait
2971 891 3240 958 Dominus,
3291 897 3391 961 Qui

1831 975 1983 1045 juxta
2012 992 2105 1029 cor
2133 991 2306 1029 meum
2357 985 2411 1030 et
2439 977 2670 1031 animam
2703 995 2874 1032 meam
2904 979 3094 1046 faciat;
3124 998 3224 1035 nun
3249 986 3391 1036 arhi-

1839 1067 1996 1121 treris
2022 1068 2251 1119 animam
2294 1066 2487 1120 habere
2527 1067 2722 1132 Deum,
2756 1086 2872 1122 cum
2906 1073 2973 1123 sit
3017 1056 3257 1126 conditor
3280 1075 3390 1126 ani-

1839 1173 1969 1221 mai;
2003 1157 2092 1229 sed
2119 1158 2184 1210 ita
2212 1158 2308 1212 hoc
2333 1157 2397 1210 de
2424 1157 2531 1210 Deo
2563 1154 2910 1225 tropicefnon
2944 1161 3151 1229 proprie
3177 1163 3390 1220 dicitur,

1840 1245 1977 1300 sicut
2003 1223 2183 1300 manus
2209 1256 2260 1298 et
2291 1259 2401 1314 pes,
2436 1256 2488 1298 et
2517 1247 2614 1297 illi-I
2646 1251 2883 1314 corporis
2925 1253 3180 1304 membra.
3235 1251 3298 1304 Et
3325 1272 3396 1311 nc

1841 1337 2126 1391 secundum
2174 1338 2269 1389 hoc
2298 1338 2539 1390 credatur
2573 1338 2729 1390 hoino
2777 1341 2826 1392 in
2870 1343 3042 1393 carnis
3084 1356 3192 1394 sum
3223 1343 3393 1410 elltgie

1844 1423 2009 1478 factus
2040 1425 2103 1478 ad
2133 1426 2408 1495 imaginem
2440 1426 2550 1494 Dei,
2577 1427 2840 1481 adduntur
2878 1441 2930 1484 et
2951 1430 3089 1494 alire,
3123 1445 3252 1495 quas
3296 1431 3396 1484 uti-

1844 1535 1947 1589 que
1976 1535 2078 1574 non
2102 1520 2259 1575 habet
2285 1522 2460 1586 hOnto,
2490 1530 2544 1575 et
2571 1523 2711 1576 dicat
2754 1523 2861 1578 Deo
2887 1542 2898 1575 :
2950 1525 3053 1578 Sub
3077 1525 3252 1578 umbra
3282 1526 3387 1578 ala-

1845 1625 1956 1661 runt
2000 1617 2201 1661 tuarum
2231 1619 2435 1679 protege
2475 1625 2552 1663 me
2585 1609 2768 1680 (Psal.
2806 1612 2932 1680 ιιι)
2964 1629 2978 1677 ;
3013 1623 3065 1665 ιιι
3110 1613 3400 1683 intel’igint

1849 1699 2089 1754 homines
2132 1700 2198 1755 de
2241 1701 2324 1754 illa
2359 1701 2607 1755 ineliabili
2654 1712 2841 1756 natura
2881 1719 2984 1757 non
3018 1706 3274 1773 propriis,
3305 1709 3396 1760 sel

189 1797 350 1851 modo
373 1807 427 1852 et
452 1798 520 1852 de
549 1813 712 1866 regno
740 1776 915 1853 Saulis
939 1798 1361 1867 intelligendum,
1387 1797 1522 1865 quod
1548 1797 1741 1850 dictum
1780 1776 1821 1834 Β
1849 1795 2117 1848 translatis
2147 1810 2321 1849 rerum
2350 1785 2614 1849 vocabuiis
2638 1796 2732 1850 ista
2763 1793 2888 1849 dici.

190 1895 272 1941 est
298 1904 308 1938 :
330 1887 477 1951 Quod
505 1889 669 1940 sinon
700 1889 921 1957 fecisses,
939 1889 1051 1957 jam
1075 1903 1208 1941 nunc
1233 1899 1540 1956 prepararct
1569 1887 1742 1940 Domi-

192 1993 285 2029 nus
308 1992 513 2046 regnum
541 1989 679 2030 tuum
707 1993 860 2044 super
892 1977 1053 2031 Israel
1076 1978 1127 2030 in
1154 1979 1508 2045 sempiternum
1535 1979 1581 2047 (Ι
1617 1978 1741 2048 Ilcg.

151 2061 156 2065 ’
193 2066 334 2133 χιιι).
371 2066 444 2118 De
469 2080 574 2135 quo
602 2067 950 2133 opportunius
979 2081 1074 2120 suo
1098 2067 1212 2122 loco
1244 2068 1570 2121 tractabitur.

260 2153 412 2208 Nunc
433 2165 597 2209 autem
620 2157 736 2209 dicit
755 2156 1026 2214 Dominus.
1047 2155 1187 2209 Absit
1208 2155 1303 2208 hoc
1329 2173 1361 2210 a
1381 2172 1456 2210 me
1473 2199 1486 2215 .
1516 2167 1618 2210 etc.
1651 2157 1750 2210 Mu-

191 2253 314 2300 tans
365 2255 623 2314 tempora,
674 2261 780 2300 non
836 2255 1047 2299 mutans
1091 2245 1311 2300 consilia
1362 2245 1644 2310 Dominus,
1697 2249 1750 2300 et

192 2335 392 2391 electos
433 2350 523 2400 es,
540 2335 784 2404 gentibus
829 2336 878 2388 in
924 2334 1279 2389 sacerdotium
1329 2333 1429 2388 sibi
1479 2335 1750 2402 spirituale

192 2428 474 2493 conquirit,
525 2437 580 2483 et
618 2437 1017 2483 contemnettes
1062 2442 1119 2482 se
1163 2427 1296 2481 lilios
1337 2429 1547 2490 Aaron,
1599 2424 1748 2494 omni

196 2533 416 2588 prorsus
443 2518 601 2574 ofﬁcii
630 2521 976 2574 sacerdotalis
1005 2520 1189 2575 ordine
1215 2519 1402 2588 privat.

271 2605 400 2660 Ecce
421 2608 529 2661 dies
557 2609 777 2675 ueniunt,
807 2617 855 2661 et
879 2610 1151 2676 pra’cidam
1173 2608 1435 2662 brachium
1457 2618 1615 2671 tuum,
1648 2618 1750 2662 etc.

201 2695 402 2749 l‘rresto
445 2707 569 2748 sunt
617 2696 668 2748 hi
715 2697 849 2761 dies,
891 2698 1066 2751 nullus
1107 2699 1214 2766 jam
1259 2699 1324 2752 dc
1372 2698 1544 2751 Aaron
1592 2700 1754 2766 stirpe

197 2783 452 2838 sacerdos
499 2784 748 2854 eligitur;
798 2787 891 2839 sed
929 2787 1147 2852 prmcisa
1189 2796 1270 2840 est
1310 2788 1550 2855 gloriatio
1576 2801 1758 2841 sacer-

198 2873 330 2927 dotii
378 2873 585 2943 legalis,
636 2887 740 2928 non
773 2874 824 2928 in
861 2875 976 2931 lleli
1004 2876 1196 2940 solius,
1235 2878 1326 2930 sed
1353 2878 1403 2931 in
1433 2879 1592 2932 totius
1624 2892 1746 2932 suc-

197 2965 440 3018 cessione
470 2962 688 3018 Levitici
735 2967 978 3034 generis;
1020 2967 1153 3020 adeo
1192 2975 1249 3020 ut
1288 2981 1354 3021 ue
1395 2967 1615 3023 minoris
1645 2970 1757 3036 qui-

1920 1882 1989 1935 Et
2012 1885 2273 1950 rcdi/icabo
2300 1886 2344 1938 ei
2371 1885 2572 1937 domum
2597 1885 2819 1953 fidelem,
2849 1893 2970 1938 etc.’
2983 1884 3180 1938 Domus
3211 1883 3401 1945 ﬁdelis.

1846 1983 1962 2035 qua:
1990 1972 2250 2024 sacerdoti
2283 1972 2419 2026 ﬁdeli
2444 1988 2603 2040 super
2631 1983 2792 2040 petrae
2822 1973 3214 2026 fundamentum
3238 1991 3266 2028 a
3291 1991 3404 2026 νινε)

1846 2060 2084 2125 sapiente
2125 2065 2477 2128 construitur,
2514 2065 2747 2119 Ecclesia
2792 2075 2906 2132 est;
2953 2081 3068 2135 quae
3115 2067 3403 2122 ambulavit

1848 2163 2024 2201 coram
2049 2149 2263 2205 Christo
2295 2155 2500 2207 cunctis
2528 2155 2711 2210 diebus
2741 2156 2864 2210 vita:
2895 2156 3203 2226 prmsentis,
3237 2174 3407 2226 neque

1851 2252 2083 2306 unquam
2125 2251 2290 2308 porta:
2336 2241 2484 2295 inferi
2513 2238 2768 2311 optimum
2821 2244 2938 2313 ejus
2982 2247 3249 2301 retardare
3277 2263 3408 2315 pras-

1849 2327 2099 2383 valebunt
2142 2329 2425 2386 incessum.
2478 2332 2543 2385 Et
2581 2334 2798 2399 pulchre
2839 2334 3067 2401 dicitur,
3101 2335 3412 2392 Ambulabit

1851 2419 2054 2496 cunctis
2086 2419 2309 2485 diebus;
2352 2421 2473 2489 quia
2507 2435 2627 2488 curn
2669 2431 2936 2478 transacto
2976 2425 3266 2481 labentium
3297 2429 3409 2482 die-

1855 2521 1971 2562 rum
2001 2522 2225 2564 excursu
2260 2510 2482 2574 venerit,
2525 2511 2712 2566 melior
2740 2513 2852 2566 dies
2880 2528 2981 2567 una
3027 2514 3078 2569 in
3103 2515 3252 2570 atriis
3294 2517 3410 2586 cjus

1857 2594 2016 2665 super
2051 2598 2242 2662 millia,
2289 2598 2816 2671 benedictionemque
2841 2601 3076 2669 dederit,
3124 2605 3212 2674 qui
3242 2607 3408 2675 legem

1857 2687 2020 2755 dedit,
2053 2703 2158 2742 non
2184 2688 2337 2744 habet
2363 2689 2459 2743 ista
2489 2689 2676 2745 domus
2702 2691 2826 2762 quid
2851 2693 2984 2747 ultra
3011 2695 3269 2763 proﬁciat,
3296 2713 3406 2750 am-

1859 2777 2044 2830 bulans
2094 2779 2160 2832 de
2187 2780 2383 2834 virtute
2433 2783 2483 2834 in
2514 2781 2800 2847 virtutem;
2855 2783 2974 2852 quia
3024 2785 3217 2840 videbit
3243 2786 3410 2841 Deum

1857 2866 2075 2920 deorum
2124 2865 2174 2921 iu
2224 2866 2387 2933 Sion,
2431 2868 2768 2940 laudabitqne
2814 2885 2934 2925 cum
2983 2871 3132 2927 beata
3175 2874 3228 2928 in
3253 2873 3413 2930 domo

1860 2956 1998 3026 ejus,
2027 2958 2131 3011 imo
2155 2967 2209 3012 et
2239 2959 2349 3026 ipsa
2377 2958 2562 3012 domus
2585 2959 2636 3014 in
2658 2971 2932 3016 :eternum.
2962 2957 3304 3033 Neque‘enim
3339 2967 3414 3018 fa-

199 3053 324 3107 dem
353 3054 553 3107 ordinis
581 3058 852 3120 sacerdos,
886 3056 975 3124 Qui
1007 3056 1301 3126 presbiteri
1332 3055 1537 3121 Graec,
1569 3059 1618 3112 id
1650 3068 1753 3127 est,
1786 3094 1832 3158 ο
1861 3050 1962 3150 cile
1988 3048 2217 3158 δθὶιιιιθὶὶ
2249 3049 2415 3103 ﬁdelis
2441 3051 2627 3152 domus
2652 3049 2907 3158 tedi‘ljcnla
2957 3063 3130 3122 Ροιθι
3172 3054 3412 3156 “Demsi.

200 3147 438 3212 seniores
468 3148 820 3217 appellantur,
852 3149 1129 3218 quisquam
1161 3148 1229 3203 ibi
1261 3150 1578 3218 quarendus
1615 3151 1757 3205 arbi-

205 3247 399 3292 tretur.
455 3237 604 3293 Unde
656 3237 991 3293 manifestius
1046 3238 1387 3310 Septuaginta
1442 3242 1760 3308 lntcrpretes

203 3327 590 3384 transtulerunt
615 3348 628 3383 :
665 3331 730 3384 Et
757 3344 862 3384 non
893 3331 995 3384 erit
1025 3331 1116 3384 tibi
1146 3332 1321 3386 senior
1348 3332 1399 3387 in
1429 3333 1589 3388 domo
1619 3315 1759 3399 mea,

199 3421 326 3488 quia
373 3429 653 3474 senescunt
699 3421 910 3490 quidem
951 3421 1189 3489 corporis
1227 3432 1383 3477 relate
1410 3423 1476 3479 de
1505 3422 1592 3477 illa
1625 3424 1760 3478 tribu

202 3510 494 3574 innumeri,
529 3509 624 3565 sed
653 3511 704 3564 in
728 3508 1123 3564 domoDomini
1155 3510 1449 3580 presbyteri
1473 3515 1635 3581 gradu
1657 3529 1758 3566 non

198 3595 404 3648 donati.

279 3683 342 3736 Et
368 3685 552 3737 videbis
577 3686 816 3738 tantulum
848 3695 990 3738 tuum
1037 3685 1088 3738 in
1117 3687 1322 3752 templo,
1349 3698 1454 3742 etc.
1496 3688 1762 3744 Videbunt

199 3771 404 3840 posteri
437 3773 509 3824 tui
541 3774 788 3841 populum
821 3775 1085 3841 gentium,
1123 3774 1173 3826 in
1204 3774 1306 3828 ﬁde
1341 3791 1458 3844 qua:
1488 3787 1599 3842 est,
1622 3779 1758 3834 dile-

198 3872 348 3914 ctum
393 3860 460 3916 de
488 3863 684 3930 templo
714 3871 944 3918 utentem
989 3865 1335 3932 spiritualiter
1380 3867 1665 3937 Scripturis
1707 3879 1762 3926 ct

199 3953 641 4027 promissionibus
669 3955 844 4008 lsrat-I.

284 4040 630 4097 Verumtamen
656 4061 757 4097 non
785 4047 1015 4115 auferam
1047 4047 1243 4115 penitus
1271 4047 1431 4100 uirum
1461 4065 1522 4102 ea:
1542 4060 1587 4103 le
1607 4092 1621 4115 ,
1652 4059 1754 4104 etc.

197 4129 319 4184 Non
350 4141 429 4186 est
463 4133 582 4186 liliis
610 4136 819 4198 Aaron,
853 4137 1058 4187 tametsi
1087 4135 1305 4188 multum
1345 4140 1674 4205 graviterque
1706 4140 1755 4190 in

199 4221 414 4276 Domini
448 4237 576 4277 nece
602 4224 941 4293 peccantibus
963 4263 977 4288 ,
1011 4225 1331 4291 poenitentiae
1357 4227 1504 4280 locus
1534 4227 1754 4280 interdi-

199 4321 362 4371 ctus;
403 4312 494 4364 sed
528 4311 573 4366 si
613 4312 705 4380 qui
735 4313 915 4385 volunt
942 4328 1006 4364 ex
1035 4313 1112 4365 eis
1134 4352 1148 4374 ,
1199 4314 1409 4366 veniant
1438 4315 1757 4381 prenitentes

1861 3137 2013 3207 Cujus
2043 3139 2135 3192 ﬁlii
2170 3148 2285 3207 post
2332 3138 2605 3193 avaritiam
2651 3139 2942 3196 declinasse
2966 3185 2982 3210 ,
3026 3156 3196 3213 ncque
3238 3144 3288 3197 in
3320 3144 3417 3197 viis

1862 3229 2000 3282 illius
2025 3229 2322 3284 ambulasse
2372 3229 2702 3296 referuntur,
2759 3231 2859 3286 nisi
2906 3233 3038 3286 forte
3081 3233 3269 3288 domus
3298 3235 3415 3302 ejus

1864 3321 2012 3389 plebs
2037 3337 2190 3390 quam
2219 3320 2450 3389 regebat,
2477 3320 2782 3388 accipienda
2815 3331 3044 3390 putetur,
3073 3325 3139 3376 de
3159 3340 3258 3392 qua
3283 3328 3417 3378 scri-

1864 3423 2006 3481 l-tum
2034 3423 2150 3465 est:
2195 3411 2264 3462 Et
2304 3412 2543 3479 requievit
2573 3412 2734 3464 omnis
2760 3411 2940 3465 damus
2971 3410 3136 3466 Israel
3164 3424 3279 3481 post
3311 3415 3418 3468 Do-

1862 3504 2052 3555 minam
2083 3499 2156 3572 (I
2191 3500 2316 3571 Reg.
2343 3499 2479 3572 vn).
2531 3500 2598 3555 Et
2632 3501 2929 3558 ambulasse
2974 3519 3152 3559 coram
3202 3506 3415 3560 (ΞΙιι-ἰ-ιο

1869 3592 2116 3655 Domini,
2149 3591 2233 3646 vel
2264 3592 2378 3660 ipso
2427 3590 2634 3645 Domini
2681 3606 2858 3646 coram
2907 3592 3164 3658 Samuel,
3193 3595 3274 3649 vel
3309 3597 3419 3664 ip~e

1859 3684 2097 3749 Samuel,
2129 3683 2252 3738 Saul
2278 3683 2388 3739 sive
2415 3683 2574 3737 David
2604 3684 2996 3753 interpretetur.

1932 3773 2186 3829 Futurum
2225 3785 2296 3828 est
2321 3785 2486 3827 autem
2512 3784 2567 3828 ut
2593 3776 2874 3844 quicunque
2915 3778 3208 3831 remanserit
3248 3779 3299 3832 in
3330 3780 3420 3832 do-

1860 3883 1940 3921 mo
1970 3875 2080 3932 tua,
2109 3877 2213 3922 etc.
2265 3866 2329 3920 Et
2359 3866 2611 3936 aliquanti
2643 3866 2878 3936 quotidie
2906 3883 3008 3922 non
3039 3870 3208 3923 solum
3239 3869 3305 3923 de
3325 3886 3421 3923 sa-

1861 3956 2111 4013 cerdotali
2137 3995 2152 4019 ,
2185 3956 2277 4010 sed
2326 3964 2380 4010 et
2417 3956 2484 4010 de
2527 3957 2670 4010 omni
2720 3957 2856 4008 tribu
2909 3957 3106 4021 Israel,
3135 3969 3189 4011 et
3215 3969 3421 4013 cuncta:

1859 4045 2017 4099 simul
2048 4046 2098 4098 in
2128 4046 2232 4098 ﬁne
2255 4044 2434 4098 mundi
2466 4044 2703 4113 reliquizn
2727 4044 2898 4112 gentis
2924 4045 3113 4111 ipsius,
3146 4055 3203 4100 ut
3232 4063 3419 4102 recon-

1859 4134 2026 4187 ciliari
2061 4133 2167 4185 Deo
2199 4133 2421 4198 possint,
2451 4132 2665 4186 veniunt
2689 4132 2754 4186 ad
2785 4133 3092 4198 ecclesiam;
3124 4142 3200 4197 et,
3231 4151 3418 4204 repro-

1861 4221 1996 4274 batis
2025 4219 2355 4274 victimarum
2400 4221 2686 4289 carnibus,
2730 4220 2948 4277 verbum
2998 4236 3314 4280 consumans
3363 4239 3417 4282 et

1862 4308 2102 4362 breviatis
2131 4308 2415 4364 salutifera:
2442 4309 2797 4366 confessionis
2817 4352 2834 4377 ,
2864 4321 2918 4366 et
2949 4327 3134 4381 panem
3172 4316 3417 4370 sacriﬁcii

197 4405 270 4456 ad
302 4403 574 4457 ecclesiam
602 4441 618 4467 ,
651 4404 847 4459 Christi
881 4403 1071 4455 altario
1100 4405 1429 4482 participem,
1459 4407 1663 4460 ueteris
1705 4407 1754 4460 in
1792 4436 1840 4496 υ
1863 4401 2151 4467 spiritualis
2180 4400 2427 4457 onerant.
2478 4405 2770 4473 Argentum
2810 4405 3003 4473 quippe
3040 4406 3255 4460 verbum
3287 4421 3417 4461 con—

198 4509 317 4549 sua:
362 4491 591 4559 perﬁdia?
621 4504 776 4560 atque
815 4491 1020 4545 invidize
1052 4495 1289 4546 cit-citate
1312 4496 1662 4562 manentibus,
1707 4499 1756 4551 in

199 4583 357 4652 cujus
398 4587 694 4651 exemplum
740 4586 837 4652 pia:
875 4583 1316 4652 dispensationis,
1357 4599 1611 4655 pereunte
1642 4605 1758 4643 cum

203 4673 326 4725 liliis
361 4671 496 4733 Ileli,
530 4688 630 4724 non
659 4685 739 4727 est
767 4675 974 4741 penitus
1015 4676 1219 4729 ablatus
1250 4691 1308 4729 es
1344 4690 1409 4729 eo
1440 4677 1519 4731 vir
1545 4680 1610 4730 ab
1633 4681 1762 4732 alta-

205 4767 287 4817 rio
332 4761 560 4814 Domini.
615 4762 742 4816 Nam
790 4775 842 4816 et
869 4766 919 4817 in
951 4765 1138 4818 diebus
1179 4766 1335 4831 S.-ul,
1373 4766 1530 4820 Abias
1555 4808 1569 4830 ,
1603 4784 1765 4836 nepos

205 4853 435 4906 l’hinees
468 4851 560 4903 lilii
590 4851 704 4920 ejus
728 4889 744 4916 ,
789 4857 1084 4908 sacerdotio
1107 4855 1316 4910 iunctus
1342 4859 1594 4912 scribitur
1626 4860 1644 4929 (
1669 4858 1758 4912 Ill

206 4939 337 5008 Ileg.
368 4937 504 5006 ιιιι).

279 5031 345 5086 Et
375 5047 490 5099 pars
518 5047 701 5099 magna
729 5030 906 5084 domus
936 5040 1035 5085 tua:
1072 5032 1307 5085 morietur
1331 5073 1344 5095 ,
1377 5045 1478 5088 etc.
1511 5034 1638 5090 Pars
1661 5055 1767 5091 ma-

201 5134 308 5187 gna
338 5121 526 5172 domus
558 5123 671 5175 lleli
719 5123 783 5174 ad
812 5123 1013 5176 virilem
1063 5132 1270 5175 aetatem
1305 5124 1521 5177 veniens
1563 5139 1763 5182 mortua

202 5223 311 5274 est,
341 5211 548 5279 quando
572 5212 825 5278 prodente
846 5212 987 5281 Doeg
1016 5213 1241 5266 Idumam
1263 5254 1276 5276 ,
1306 5216 1764 5285 octoginta'rprin-

203 5318 313 5370 que
352 5303 654 5357 sacerdotes
700 5312 823 5358 sunt
872 5305 1068 5372 pariter
1115 5305 1288 5359 Saulis
1315 5304 1758 5360 furoretrucidati

205 5391 260 5458 (I
296 5390 425 5459 Reg.
455 5393 606 5458 nu).
653 5392 756 5446 Sed
788 5402 842 5446 et
871 5394 1027 5448 hodie
1053 5394 1277 5447 maxima
1308 5393 1495 5449 domus
1524 5394 1760 5462 ejusdem

206 5481 403 5548 portio,
436 5493 553 5532 cum
584 5479 648 5532 ad
676 5479 1030 5550 intelligibiles
1062 5495 1226 5535 annos
1256 5485 1480 5548 venerit,
1534 5485 1763 5551 perﬁdiae

202 5560 320 5622 sua:
347 5579 597 5620 mucrone
627 5566 745 5620 vitm
773 5569 988 5634 praemia
1021 5569 1211 5637 perdit.

280 5656 395 5710 IIoc
415 5663 583 5709 autem
612 5655 708 5708 erit
733 5655 820 5709 tibi
842 5658 1061 5726 signum,
1080 5665 1182 5712 etc.
1213 5657 1333 5714 Hoc
1359 5658 1423 5714 ad
1452 5658 1564 5717 Heli
1593 5672 1646 5716 et
1671 5660 1769 5718 Sa-

1864 4490 2109 4544 l’essionis
2134 4490 2253 4544 ﬁdei
2277 4529 2294 4556 ,
2333 4507 2576 4545 nummus
2603 4503 2777 4546 autem
2826 4493 3136 4548 brevitatem
3180 4495 3416 4564 ejusdem

1863 4581 2212 4635 confessionis
2231 4619 2249 4648 ,
2277 4596 2396 4650 quae
2427 4583 2477 4635 in
2499 4583 2750 4651 Symbolo
2779 4584 3079 4639 centinetur
3103 4628 3118 4653 ,
3150 4587 3417 4656 exprimit.

1865 4670 2013 4735 Quod
2043 4681 2218 4724 autem
2262 4671 2363 4725 iste
2392 4669 2470 4724 vir
2499 4671 2633 4735 Dei,
2681 4673 2770 4740 qui
2811 4673 2990 4728 ofﬁcio
3033 4688 3132 4728 suo
3164 4679 3418 4747 propheta

1866 4776 1982 4816 esse
2007 4760 2318 4826 ostenditur,
2349 4761 2458 4813 ait:
2489 4760 2800 4831 Quicunque
2844 4765 3158 4819 remanserit
3180 4765 3231 4819 iu
3259 4768 3419 4822 domo

1868 4862 1983 4914 tua,
2030 4851 2127 4905 hoc
2173 4858 2254 4904 est
2287 4850 2425 4918 quod
2472 4851 2631 4905 Isaias
2658 4854 2778 4905 ait:
2826 4852 3078 4922 Reliquae
3119 4857 3271 4910 salvat
3299 4858 3420 4924 ﬁent

1870 4941 2044 5009 (Rom.
2085 4939 2202 5008 xu).
2234 4939 2300 4992 Et
2320 4942 2591 5008 apOstolus
2623 4942 2748 4995 Elite
2778 4943 2933 4998 verba
2960 4961 3378 5000 commemorans
3403 4965 3419 5002 :

1832 5029 1834 5031 ’
1869 5032 1958 5087 Sic
1985 5045 2123 5100 ergo,
2155 5031 2338 5097 inquit,
2371 5041 2416 5082 et
2446 5030 2499 5082 in
2525 5029 2618 5082 hoc
2646 5040 2866 5099 tempore
2894 5034 3119 5100 reliquie
3145 5034 3421 5089 secundum

1867 5124 2151 5175 electionem
2177 5121 2352 5190 gratior
2376 5121 2529 5174 salute
2556 5125 2703 5189 facite
2727 5132 2844 5174 sunt
2878 5122 3009 5192 (Isa.
3043 5124 3141 5188 χι).

1939 5209 2200 5278 Dicatque,
2227 5208 2432 5264 Dimitte
2461 5226 2557 5277 me,
2593 5210 2811 5272 obsecro,
2842 5211 2908 5262 ad
2937 5224 3085 5261 unam
3115 5219 3303 5274 partem
3330 5227 3412 5264 so.

1869 5301 2187 5358 cerdotalem.
2214 5302 2292 5354 Ad
2318 5305 2481 5370 ipsam
2507 5301 2708 5368 plebem
2726 5299 3004 5370 signiﬁcat,
3021 5298 3420 5355 Cbristusaccr—

1865 5394 1986 5447 dote
2018 5393 2364 5460 praclaram;
2406 5392 2489 5445 cui
2523 5389 2710 5444 Petrus
2748 5392 2855 5441 ait:
2913 5386 3014 5440 Vos
3058 5399 3227 5442 autem
3265 5407 3422 5460 genus

1866 5484 2076 5536 electum
2095 5522 2110 5548 ,
2139 5483 2306 5553 regale
2333 5483 2672 5539 sacerdotium
2702 5479 2761 5550 (l
2797 5478 2910 5534 Pet.
2939 5477 3020 5547 ιι).
3069 5477 3218 5544 Quod
3245 5491 3419 5535 autem

1868 5571 2014 5627 addit
2043 5588 2055 5623 :
2106 5571 2170 5626 Ut
2206 5573 2477 5626 comedam
2511 5570 2798 5626 buceellam
2832 5569 3013 5636 panis,
3043 5568 3203 5622 etiam
3249 5567 3418 5635 ipsum

1870 5659 2109 5715 sacriﬁcii
2136 5675 2304 5730 genus
2331 5663 2602 5730 eleganter
2630 5661 2890 5728 expressit
2917 5700 2933 5724 ,
2964 5659 3029 5713 de
3067 5673 3170 5728 quo
3195 5659 3317 5713 dicit
3337 5671 3422 5711 sa-
