3898 6260
523 365 622 420 519

1008 363 1212 420 ιιειηε
1252 358 1698 423 VENERABILIS
1735 360 2013 418 ορειιυιι
2055 361 2062 416 l

2169 362 2230 418 ιδ
2270 361 2340 415 ll.
2372 387 2446 412 σ-
2487 361 2871 422 εχερετιει
2910 363 3229 424 αειιειιιιιλ.
3653 375 3735 429 εξι

517 472 704 527 cerdos
731 474 883 541 ipse:
924 471 1082 527 Panis
1105 488 1249 542 quem
1278 488 1369 542 ego
1393 472 1543 536 dabo,
1574 488 1692 526 caro
1721 487 1829 526 mea
1846 481 1941 537 est,
1968 487 2060 542 pro
2088 479 2136 540 Α
2233 443 2444 525 Soluitel
2484 480 2652 526 autem
2693 474 2969 530 dormiebat
3015 478 3066 530 in
3106 479 3292 548 templo
3343 479 3572 536 Domini
3595 525 3610 545 ,
3651 495 3736 539 etc.

521 562 695 614 mundi
720 564 818 614 vita
845 558 1035 630 (locu.
1067 560 1162 631 vt).
1207 561 1338 626 Quia
1374 560 1514 615 enim
1550 561 1754 614 dixerat
1800 561 2067 628 superius,

521 651 731 705 dedisse
752 651 897 705 cibos
923 651 1097 704 domui
1119 649 1294 704 Aaron
1317 651 1383 704 de
1405 650 1634 704 victimis
1650 647 1858 704 Veteris
1880 649 2070 704 Testa-

522 740 706 806 menti,
733 755 850 809 qua
879 738 1084 793 fuerant
1109 738 1362 793 sacriﬁcia
1383 737 1710 805 ludaorum,
1738 737 1857 792 ideo
1877 738 1965 791 hic
1988 737 2068 790 dio

521 829 631 884 ait:
664 827 1037 883 Postulandum
1067 828 1131 882 ad
1163 826 1544 883 comedendum
1573 827 1841 881 buccrlam
1885 825 2070 896 panis,

520 918 662 982 quod
719 926 802 972 est
849 917 900 971 in
931 916 1075 970 Novo
1102 916 1442 970 Testamento
1464 915 1778 984 sacriﬁcium
1811 914 2070 971 Christia-

524 1021 734 1061 norum.
1105 1058 1123 1066 -

1120 1094 1339 1152 CAPUT
1377 1095 1512 1149 V'lll.

520 1182 866 1252 Caligantibus
900 1183 1012 1238 Πειὶ
1034 1185 1219 1252 oculis,
1243 1183 1449 1238 Samuel
1475 1183 1661 1236 dormit
1691 1183 1741 1234 in
1761 1181 2070 1252 tempIoDo-

591 1251 734 1315 mitti,
765 1263 812 1307 et
833 1255 899 1304 ad
923 1262 1155 1317 quartam
1184 1251 1385 1304 Domini
1407 1253 1713 1305 vocationem
1740 1251 2069 1317 respondens,

591 1339 715 1400 quia!
741 1332 856 1374 sunt
905 1322 1039 1400 Heli.
1065 1330 1267 1400 ventura
1296 1322 1576 1400 cognoscit,
1596 1329 1770 1400 latque
1801 1321 1898 1400 ipsi
1929 1335 2074 1400 mune

590 1394 819 1461 replicat,
849 1392 1069 1443 secunde
1099 1391 1250 1442 etiam
1277 1391 1444 1442 divina
1476 1391 1773 1441 rei-elatione
1794 1389 2070 1443 dwinntus.

591 1481 639 1549 (1
673 1480 796 1550 Reg.
821 1479 922 1546 ιιι.)
957 1479 1088 1532 Puer
1114 1490 1278 1532 autem
1308 1478 1516 1532 Samuel
1546 1479 1856 1532 ministrabat
1889 1478 2070 1531 Domi.

524 1586 588 1622 tto
613 1586 778 1622 coram
820 1569 978 1632 Heli,
1006 1580 1110 1622 etc.
1155 1568 1207 1619 ln
1235 1566 1330 1621 hac
1358 1568 1580 1620 lectione
1619 1568 1870 1620 Dominus
1909 1582 2067 1621 crre-

524 1660 725 1711 monias
751 1657 1027 1711 sacerdotii
1071 1657 1253 1725 legalis
1271 1696 1287 1721 ,
1315 1667 1367 1710 et
1399 1659 1700 1725 priusquam
1724 1672 1814 1712 eas
1842 1657 1955 1727 ipse
1981 1671 2074 1724 per

521 1761 671 1800 suam
698 1748 987 1812 passionem
1005 1757 1411 1810 consummaret,
1437 1747 1816 1801 Pharisaeorum
1835 1747 2070 1801 tradiu’o-

2174 560 2422 614 Dominus
2449 561 2586 616 inter
2613 563 3002 631 prudicandum
3033 568 3568 640 ministrandutnqne
3593 574 3735 642 spiri-

2173 650 2329 704 tualia
2355 651 2676 705 mortalibus
2696 667 3013 722 suspensum
3044 657 3110 711 ab
3134 658 3504 714 exterioribus
3537 663 3736 714 acuum

2173 741 2367 795 mentis
2393 741 2443 795 in
2473 756 2713 810 supernae
2737 751 2896 813 atque
2923 745 3120 800 intima:
3163 747 3298 800 lucis
3325 750 3736 816 cctttetoplatio-

2174 844 2240 882 ne
2268 830 2545 899 deﬁgebat.
2579 831 2854 900 Templum
2883 834 3080 904 quippe
3106 850 3135 888 a
3172 838 3632 906 contemplanda,
3664 842 3737 893 ubi

2171 931 2223 974 et
2245 919 2413 973 divin;-
2443 930 2497 975 et
2519 921 2755 976 ccclesiis
2795 935 3158 989 sacramenta,
3185 924 3388 980 dictum
3421 929 3736 994 perhibent;

2172 1009 2260 1062 ubi
2284 1017 2367 1065 est
2392 1024 2511 1064 arca
2540 1010 2654 1075 Dei,
2685 1010 2736 1065 id
2762 1021 2868 1078 est,
2893 1013 3058 1082 gloria
3079 1030 3296 1070 summa
3321 1015 3641 1082 Trinitatis,
3669 1019 3732 1071 di-

2171 1097 2278 1151 vini
2327 1097 2486 1153 totius
2527 1100 2637 1152 sola
2685 1103 2893 1155 conscia
2935 1104 3148 1160 secreti.
3203 1105 3353 1160 Unde
3402 1107 3656 1175 loquitur
3692 1109 3736 1161 ia
3843 1111 3847 1170 ἒ

2171 1184 2418 1239 Psalmo:
2469 1185 2800 1243 Proeidebans
2851 1189 3124 1245 Dominum
3169 1209 3338 1248 eorum
3384 1212 3471 1250 use
3495 1214 3734 1264 semper,

2169 1275 2401 1341 quoniam
2427 1291 2458 1326 a
2485 1275 2676 1330 dea-tris
2704 1288 2776 1331 est
2799 1278 2941 1344 mihi,
2964 1296 3027 1333 ne
3053 1296 3365 1336 commoveor
3387 1283 3568 1354 (Ριι.
3603 1288 3734 1352 xm).

2243 1367 2308 1419 Et
2329 1370 2514 1422 roravit
2543 1368 2791 1424 Dominus
2831 1371 3042 1427 Samuel
3059 1417 3074 1440 ,
3101 1386 3207 1431 etc.
3255 1378 3496 1449 Arduum
3524 1379 3734 1434 dicenti

2172 1462 2364 1521 genus,
2407 1457 2669 1524 quomodo
2713 1473 2778 1512 ex
2808 1467 3044 1528 tempore
3083 1475 3236 1518 vocet
3273 1465 3433 1520 ﬁlium
3473 1461 3633 1535 pater
3677 1474 3733 1521 a-J

2171 1546 2537 1608 cognoscenda
2585 1547 2664 1598 sui
2696 1560 2899 1600 secreta
2925 1550 3145 1614 judicii;
3195 1566 3361 1620 seque
3406 1556 3500 1610 ille
3543 1559 3734 1613 adesse

2175 1636 2526 1702 respondeat,
2557 1637 2646 1704 qui
2677 1647 2798 1693 ante
2842 1648 3049 1706 tempus
3082 1650 3234 1694 natus
3271 1658 3334 1696 ex
3370 1645 3530 1699 Patre
3559 1649 3734 1715 loqui-

2173 1730 2256 1775 tur
2285 1739 2299 1776 :
2348 1723 2530 1777 Omnia
2561 1725 2684 1778 mihi
2729 1727 2917 1779 tradi:a
2953 1739 3068 1780 sunt
3113 1745 3144 1780 a
3173 1729 3324 1784 Patre
3351 1749 3465 1788 mea
3509 1735 3735 1802 (Matth.

524 1835 676 1886 nibus
701 1833 807 1900 jam
848 1844 1155 1900 corruptas,
1185 1836 1413 1888 ostendit
1457 1837 1696 1888 omnibus
1742 1836 1908 1889 modis
1949 1849 2062 1889 esse

2175 1815 2266 1880 xl).
2316 1812 2420 1865 Et:
2465 1813 2648 1866 Omnia
2688 1831 2998 1884 quacunque
3041 1817 3187 1870 habet
3219 1817 3409 1884 Pater,
3465 1838 3578 1875 mea
3623 1835 3735 1875 sunt

523 1923 817 1988 mutandas,
843 1923 1091 1977 credente
1117 1938 1236 1977 mox
1265 1925 1318 1977 in
1341 1940 1458 1978 cum
1482 1935 1534 1979 et
1552 1926 1837 1979 conﬁtente
1857 1926 2061 1990 iudica,

523 2015 641 2082 quia
683 2012 817 2065 Deus
844 2013 1068 2066 visitavit
1094 2014 1297 2081 plebem
1338 2029 1505 2068 suam.

591 2099 728 2154 Puer
755 2110 918 2155 autem
940 2101 1146 2157 Samuel
1175 2104 1488 2157 ministrabat
1520 2102 1732 2156 Domino
1757 2119 1924 2156 coram
1955 2102 2004 2156 11
2009 2119 2064 2156 ει

521 2191 580 2255 li,
603 2200 705 2245 etc.
747 2192 880 2245 l’uer
897 2179 992 2258 qui
1021 2202 1172 2247 natus
1199 2204 1282 2247 cst
1320 2195 1470 2248 nobis
1495 2196 1546 2248 in
1574 2209 1762 2260 carne,
1794 2194 2061 2250 cernenti-

524 2279 619 2333 bus
640 2279 936 2333 ludxorum
957 2280 1339 2345 sacerdotibus,
1364 2297 1457 2350 per
1472 2298 1530 2337 se
1554 2300 1746 2352 perque
1769 2300 1892 2338 suos
1912 2300 2064 2338 evan-

520 2367 802 2435 gelizantcs
846 2368 1130 2436 discipulos
1176 2369 1420 2423 Ecclesiae
1467 2371 1741 2439 primitivzc
1771 2386 1882 2428 sua
1925 2375 2060 2425 dona

523 2455 870 2511 ministrabat.
922 2456 984 2510 Et
1009 2470 1183 2512 sermo
1229 2457 1433 2513 Domini
1477 2471 1589 2514 erat
1627 2476 1692 2515 eo
1723 2469 1956 2531 tempOre
1981 2463 2062 2516 sui

520 2546 733 2598 raritate
761 2546 1049 2614 pretiosus,
1079 2548 1196 2616 quia
1223 2550 1394 2602 messis
1421 2550 1623 2618 quidem
1653 2553 1809 2604 multa
1833 2591 1848 2614 ,
1881 2568 2060 2620 opera-

519 2634 584 2686 rii
608 2643 770 2687 autem
798 2646 941 2689 erant
970 2638 1116 2703 pauci
1162 2635 1388 2701 (Matth.
1417 2637 1520 2706 tx).
1569 2638 1676 2692 Nec
1721 2649 1836 2693 etat
1877 2640 2062 2695 l’hari-

521 2736 679 2789 suos,
705 2725 888 2780 Scriba
909 2765 926 2792 ,
951 2726 1030 2777 vel
1053 2724 1301 2779 sacerdos
1317 2765 1333 2790 ,
1354 2725 1442 2795 qui
1473 2726 1697 2783 visiones
1725 2730 1979 2795 occultas,
2008 2739 2066 2786 et

522 2813 660 2869 dicta
693 2814 1062 2885 prophetarum
1088 2814 1360 2872 manifesta
1388 2817 1594 2886 populis
1621 2819 1952 2889 expositione
1978 2836 2064 2877 re.
2113 2859 2119 2865 -

605 2923 734 2958 uret.

605 2923 628 2954 il
717 2944 734 2958 ο

517 2914 804 3049 “iliis-ium
829 3004 902 3051 est
927 2995 979 3048 in
1007 2996 1088 3049 die
1114 2971 1359 3066 quadam,
1378 2995 1494 3051 Heli
1516 2998 1715 3069 jnccbat
1745 3000 1794 3053 in
1817 2995 1926 3055 loco
1947 3018 2058 3067 suo,

517 3093 618 3137 etc.
651 3083 940 3139 Lucernam
967 3084 1055 3138 Dei
1092 3101 1188 3154 pro
1221 3087 1472 3155 dignitate
1499 3089 1688 3156 gradus
1727 3089 1840 3143 lleli
1865 3105 2061 3161 cogno.

2172 1899 2347 1968 (Joan.
2392 1900 2523 1968 va).
2565 1902 2668 1956 Sed
2715 1905 2945 1957 humano
2989 1920 3130 1972 δεῖρε
3173 1922 3319 1962 mute
3364 1909 3647 1978 Scrip‘ura
3673 1914 3736 1966 dc

2170 1987 2295 2050 Deo,
2326 1989 2429 2040 imo
2459 1990 2568 2055 ipse
2594 1991 2660 2046 de
2681 2006 2738 2045 se
2771 1993 2820 2046 in
2849 1993 3138 2060 Scripturis
3167 1996 3303 2049 Deus
3333 1998 3478 2065 loqui
3508 2014 3735 2053 consueo

2167 2075 2256 2138 vit,
2286 2076 2433 2143 juxta
2466 2077 2591 2131 illud
2629 2080 2899 2149 Evangelii
2934 2099 2948 2134 :
2986 2082 3165 2152 quue
3195 2087 3326 2138 enim
3354 2103 3387 2139 a
3416 2090 3617 2156 meipso
3658 2091 3733 2141 lo-

2161 2180 2306 2230 quor,
2341 2167 2430 2218 sed
2452 2166 2576 2219 sicut
2599 2170 2756 2222 audio
2771 2171 2988 2238 judico;
3017 2170 3063 2225 et
3092 2177 3258 2226 omnia
3285 2191 3605 2245 quacunque
3631 2196 3733 2231 au-

2161 2253 2263 2304 divi
2289 2270 2319 2305 a
2350 2253 2504 2308 Patre
2527 2272 2634 2310 meo
2653 2296 2668 2321 ,
2711 2265 2830 2311 nota
2858 2259 2957 2327 feci
2981 2260 3113 2313 vobis
3144 2262 3322 2331 (Joan.
3353 2264 3464 2333 xv).
3498 2267 3732 2334 Itemque

2162 2343 2212 2395 in
2243 2343 2436 2407 Genesi
2463 2347 2592 2399 dixit
2624 2348 2799 2402 Deus;
2835 2347 3111 2404 Faciamus
3137 2356 3395 2408 hominem
3441 2359 3515 2409 ad
3544 2360 3729 2427 imagi-

2161 2446 2272 2483 ttetn
2298 2444 2343 2485 et
2373 2434 3003 2511 similitudinem_ttostranr
3036 2437 3194 2508 (Gen.
3222 2443 3306 2510 l).-
3343 2442 3574 2499 Vocatus
3599 2462 3729 2516 ergo

2162 2518 2376 2575 Samuel
2400 2534 2430 2572 a
2461 2521 2705 2588 Domino,
2739 2528 3012 2595 respondit
3036 2543 3050 2580 ε
3079 2529 3214 2584 Ecce
3242 2546 3357 2600 ego.

2236 2610 2299 2663 Et
2323 2613 2542 2665 cucurrit
2571 2615 2639 2668 ad
2668 2614 2808 2684 Heli,
2834 2628 2940 2673 etc.
2974 2621 3196 2677 Vocatus
3217 2638 3247 2678 a
3270 2624 3431 2682 Patre
3457 2626 3720 2696 Christus,

2161 2700 2250 2770 qui
2291 2700 2344 2754 in
2372 2701 2461 2757 illo
2487 2712 2600 2758 erat
2625 2718 2869 2776 semper,
2905 2708 2970 2762 ad
2998 2713 3409 2783 con;emplauda
3456 2731 3723 2787 perpetua

2159 2804 2269 2846 sua
2296 2793 2544 2848 miracula
2591 2795 2920 2866 majestatis,
2948 2804 3232 2872 respondet
3271 2820 3331 2861 se
3355 2818 3558 2864 eterna
3589 2825 3721 2879 pra-

2160 2883 2324 2938 seutia
2351 2886 2492 2952 apud
2518 2885 2730 2943 Patrem
2758 2891 3012 2946 divinitus
3037 2908 3157 2950 esse
3186 2912 3496 2955 mansurum
3522 2919 3538 2967 ;
3569 2913 3623 2957 et
3642 2905 3719 2958 iu-

2159 2977 2240 3025 ter
2265 2971 2375 3027 bac
2406 2985 2622 3044 repente
2668 2991 2930 3046 apparens
2978 2983 3278 3039 humanitas
3324 2987 3376 3042 in
3405 3003 3570 3044 carne
3590 3029 3609 3056 ,
3636 2990 3718 3046 ιο-

2157 3061 2338 3130 quitur
2386 3062 2684 3120 Judmorum
2731 3070 3034 3138 magistris:
3081 3071 3150 3126 Et
3179 3075 3331 3142 ipse,
3381 3078 3542 3145 quem
3574 3091 3717 3133 tanto

519 3177 702 3230 mittat.
752 3175 1041 3229 Lucernam
1093 3188 1263 3232 autem
1310 3195 1399 3245 per
1441 3155 1873 3246 signiﬁcationem
1917 3155 2060 3240 recte
2084 3164 2132 3228 ο
2163 3157 2395 3219 unum":
2424 3155 2763 3221 quuebﬂis’
2793 3171 2846 3212 et
2871 3159 2922 3213 in
2952 3175 3111 3216 came
3151 3163 3336 3219 "mire
3377 3167 3715 3223 desidera“.

519 3265 866 3318 sacerdotium
899 3275 1046 3320 vetus
1092 3268 1410 3332 accipimus,
1460 3268 1509 3319 in
1543 3280 1696 3323 nocte
1719 3271 1926 3337 quidem
1958 3274 2057 3327 sub

521 3356 702 3407 mubra
743 3354 1020 3409 servientis
1069 3355 1244 3423 populi
1293 3361 1772 3424 pernecessarium,
1803 3362 1894 3414 sed
1924 3364 2060 3430 aspi-

519 3454 665 3496 rante
693 3444 778 3498 die
804 3460 951 3498 novm
979 3446 1158 3514 gratia!
1207 3448 1598 3501 removendum.
1645 3449 1772 3515 Quia
1804 3452 1941 3504 enim
1984 3451 2061 3505 lu-

518 3545 674 3584 cerua
704 3542 855 3586 nocte
881 3535 1070 3586 clausis
1097 3542 1294 3587 tantum
1327 3538 1376 3588 in
1402 3537 1642 3592 domibus
1674 3538 1871 3605 lucens,
1906 3543 2060 3595 latins

520 3634 762 3686 spargere
791 3623 960 3674 radios
999 3623 1076 3674 sui
1105 3623 1326 3692 fulgoris
1355 3641 1456 3679 non
1496 3627 1685 3680 sufﬁcit
1709 3667 1723 3691 ,
1776 3631 1855 3682 sol
1884 3641 2056 3685 autem

523 3718 738 3761 exortus
783 3710 914 3762 adeo
961 3721 1147 3764 cuncta
1193 3713 1316 3765 τινες
1366 3715 1606 3783 intusque
1656 3719 1969 3784 perlustrat,
2004 3730 2060 3773 ut

523 3793 679 3844 etiam
714 3793 880 3862 ipsum
913 3795 1135 3848 lucerna:
1156 3794 1311 3864 jubar
1340 3800 1507 3851 minus
1538 3801 1660 3853 utile
1685 3842 1698 3862 ,
1725 3803 1828 3854 imo
1858 3805 2061 3858 exstin-

521 3882 716 3949 guibile
744 3884 963 3946 reddat;
1009 3900 1112 3938 non
1148 3885 1407 3941 immerito
1453 3889 1562 3942 haec
1608 3891 1755 3957 legali
1796 3894 2059 3958 scientiae,

519 3984 634 4036 quae
664 3971 751 4023 uni
779 3982 974 4026 tantum
1019 3973 1213 4028 Judteae
1260 3977 1472 4039 domui,
1518 3980 1665 4044 quasi
1716 3981 1854 4034 intus
1885 3969 2092 4035 clausa"

519 4058 786 4127 fulgebat,
819 4056 1215 4117 (teterisextra
1261 4066 1502 4132 gentibus
1549 4068 1697 4134 quasi
1729 4072 1851 4123 cazci
1896 4074 2060 4126 noctis

518 4145 736 4202 horrore
763 4149 1026 4212 depressis
1053 4190 1068 4215 ,
1098 4153 1186 4205 ille
1211 4165 1545 4222 comparatur
1577 4157 1892 4228 Evangelio,
1923 4161 2058 4226 quod

519 4244 634 4302 post
681 4237 986 4291 illustratam
1021 4237 1290 4307 Judaeam,
1336 4245 1494 4296 etiam
1537 4244 1714 4313 longas
1751 4247 2057 4314 gentilitatis

515 4322 808 4388 depelleret
851 4325 1082 4380 umbras.
1134 4329 1408 4393 Quomodo
1454 4342 1630 4385 autem
1673 4334 1936 4387 lucernam
1980 4337 2058 4389 sol

517 4410 693 4463 oriens
716 4410 944 4475 celaret,
977 4412 1059 4466 vel
1084 4415 1240 4466 etiam
1260 4417 1642 4484 exstingueret,
1674 4423 1901 4473 ostendit
1930 4437 2060 4489 apo-

2161 3247 2247 3314 tis,
2271 3247 2357 3316 qui
2387 3248 2628 3316 precibus
2651 3251 2887 3320 votisque
2918 3255 3149 3313 ﬁdelium
3178 3261 3372 3316 crebro
3398 3264 3467 3317 ad
3491 3265 3712 3320 salutem

2159 3335 2337 3388 mundi
2360 3336 2608 3404 vocabar,
2639 3339 2826 3394 adveni
2851 3356 2949 3412 ego
2979 3344 3110 3413 ipse,
3141 3348 3231 3416 qui
3262 3346 3518 3419 loquebar
3539 3397 3555 3417 ,
3590 3369 3708 3408 cccc

2159 3425 2360 3481 adsum.
2978 3506 2980 3509 ι

2233 3515 2331 3578 Qui
2358 3515 2507 3579 dixit,
2539 3515 2655 3570 Non
2703 3521 2892 3586 vocati,
2932 3531 3035 3577 etc.
3080 3523 3283 3595 Negant
3325 3543 3385 3583 se
3415 3527 3616 3584 Scriba:
3659 3542 3710 3584 et

2161 3602 2410 3659 Pharisati
2445 3603 2642 3659 Christi
2689 3609 2942 3676 quatsisse
2978 3612 3296 3679 adventum;
3336 3618 3490 3683 cujus
3525 3621 3710 3671 nativi-

2162 3702 2264 3746 late
2306 3694 2505 3763 audita,
2551 3712 2652 3750 non
2700 3696 2874 3753 solum
2919 3701 3152 3758 Herodes
3197 3720 3293 3761 rex
3330 3708 3568 3768 turbatus
3609 3721 3706 3772 cst,

2159 3783 2250 3835 sed
2271 3792 2324 3836 et
2345 3786 2512 3838 omnis
2541 3786 2904 3860 Hierosolyma
2929 3806 3048 3847 cum
3080 3793 3189 3847 illo.
3224 3795 3623 3866 Reversumzjue
3658 3803 3703 3852 iu

2163 3866 2356 3940 templo
2385 3877 2615 3930 dormire
2647 3882 2976 3949 praecipiunt,
3006 3898 3181 3951 quem,
3203 3899 3233 3937 a
3261 3901 3320 3940 se
3361 3870 3704 3943 discredcndo

2161 3961 2449 4025 repulsum,
2490 3963 2554 4014 ad
2586 3967 2834 4020 intuenda
2859 3984 3076 4036 puerum
3107 3974 3272 4039 patris
3307 3991 3500 4028 arcana
3527 3981 3703 4029 remit-

2163 4059 2290 4104 tttnt.
2321 4051 2485 4116 Quem
2511 4063 2682 4108 tamen
2702 4054 2974 4123 juvenem,
3005 4061 3103 4112 hoc
3123 4070 3226 4125 est,
3246 4073 3363 4130 post
3386 4065 3698 4120 tricesunum

2161 4146 2330 4196 aetatis
2351 4156 2569 4210 annum,
2605 4143 2697 4198 Dei
2729 4145 2917 4200 Filium
2954 4164 3044 4216 per
3066 4154 3350 4207 nonnullos
3377 4156 3444 4209 de
3482 4173 3578 4211 suo
3613 4175 3702 4212 nu-

2161 4247 2310 4287 mero
2329 4233 2609 4297 credentes
2635 4236 2951 4306 intelligunt.
2983 4238 3047 4292 Et
3079 4240 3180 4294 hoc
3206 4251 3292 4295 est
3314 4244 3428 4298 lleli
3459 4258 3572 4313 pOal
3602 4257 3702 4302 ter-

2161 4327 2289 4378 tium
2343 4325 2604 4380 Samuelis
2651 4327 2715 4381 ad
2763 4341 2822 4381 se
2867 4329 3148 4408 adventum
3195 4332 3541 4402 intellexisse,
3581 4341 3699 4407 quia

2161 4413 2413 4468 Dominus
2454 4427 2666 4470 vocaret
2710 4433 2866 4484 cum;
2900 4431 3015 4489 post
3045 4424 3250 4477 tertiam
3295 4441 3555 4482 annorum
3590 4433 3699 4496 ejus

513 4497 700 4558 stolus.
732 4499 818 4566 qui
849 4497 917 4552 de
939 4500 1106 4554 littera
1139 4512 1192 4555 et
1217 4502 1403 4569 spiritu
1432 4504 1650 4575 loquens
1674 4508 1782 4560 ait:
1813 4508 1948 4562 Nam
1971 4527 2060 4565 nec

2169 4504 2360 4558 decada
2397 4504 2610 4560 .Iudaaos
2637 4512 2968 4577 cognovisse,
2997 4520 3052 4566 et
3075 4514 3370 4570 credidisse
3405 4517 3526 4586 quia
3557 4518 3700 4574 leaus

478 4629 482 4633 .
511 4587 844 4653 gloriﬁcamus
871 4596 946 4640 est
973 4591 1110 4658 quod
1130 4589 1314 4643 claruit
1341 4593 1395 4644 in
1421 4590 1518 4645 hac
1541 4603 1702 4663 parte,
1728 4607 1930 4666 propter
1955 4616 2057 4653 ea:-

510 4675 762 4727 cellentent
804 4678 1039 4746 gloriam.
1087 4678 1147 4734 Si
1170 4680 1300 4732 enim
1325 4682 1461 4750 quod
1497 4693 1762 4736 accustur
1784 4726 1799 4749 ,
1829 4703 1919 4756 per
1938 4689 2059 4754 glo-

510 4766 635 4816 riam
665 4777 754 4829 est,
777 4770 930 4821 multo
958 4771 1119 4840 magis
1141 4773 1275 4838 quod
1295 4765 1481 4838 manet,
1503 4775 1737 4846 ingloria
1765 4789 1836 4831 est
1857 4778 1910 4848 (1
1931 4776 2053 4834 Cor.

512 4852 614 4920 ιιι).
643 4853 754 4906 Heli
782 4871 905 4923 ergo
927 4858 1135 4923 iacebat
1162 4861 1212 4913 in
1239 4862 1352 4915 loco
1393 4879 1488 4916 suo
1507 4905 1522 4928 ,
1547 4876 1600 4919 et
1627 4867 1764 4922 oculi
1793 4867 1905 4936 ejus
1929 4869 2053 4921 call-

510 4951 778 5010 gaverant,
812 4958 905 4995 nec
927 4947 1102 5000 videre
1127 4957 1327 5012 poterat
1353 4952 1614 5006 lucernam
1642 4955 1754 5018 Dei,
1775 4966 2052 5025 antequam

511 5031 934 5099 exstingueretur
962 5034 1244 5089 sacerdotii
1275 5040 1468 5093 veteris
1495 5057 1558 5095 ac
1589 5043 1718 5112 legis
1745 5044 1826 5096 cui
1858 5046 2052 5099 servie-

514 5122 600 5172 bat
645 5122 908 5188 dignitas;
963 5137 1076 5189 qum
1117 5124 1362 5192 vigilare,
1413 5141 1549 5183 stare
1598 5134 1646 5191 in
1677 5135 1806 5198 lido,
1836 5135 2054 5188 viriliter

512 5223 688 5278 agere,
720 5219 771 5263 et
794 5209 1076 5265 confortari
1108 5213 1360 5267 debuerat
1388 5225 1616 5284 tempore
1639 5222 1753 5289 jam
1773 5223 2053 5277 dominica:

514 5297 916 5363 lncarnationis,
942 5316 969 5352 a
1003 5304 1172 5370 prima
1213 5305 1290 5354 sui
1319 5314 1485 5358 status
1527 5307 1792 5364 alacritate
1820 5313 2051 5379 degene-

498 5378 653 5446 rans.
682 5392 827 5456 quasi
859 5392 1003 5445 senio
1025 5393 1344 5448 lassesceutc
1368 5395 1604 5464 torpebat
1628 5415 1642 5462 ;
1666 5415 1759 5453 nec
1785 5378 1905 5454 dum
1936 5417 2051 5471 qua:

512 5473 700 5533 Christi
728 5479 981 5546 sanguine
1005 5495 1398 5546 consummata,
1432 5485 1654 5538 maxima
1677 5488 1783 5555 jam
1813 5505 1874 5544 cx
1907 5501 2052 5559 parto

511 5577 604 5628 per
646 5565 948 5624 deuteroscs
990 5569 1374 5628 Pbarimorum
1419 5575 1527 5630 veri
1555 5589 1739 5634 sensus
1778 5591 1890 5636 erat
1933 5583 2049 5638 lucc

507 5653 724 5714 privata.

2163 4604 2243 4647 est
2273 4593 2514 4647 Christus
2544 4594 2705 4649 Filius
2736 4598 2849 4651 Dei.

2232 4682 2298 4735 Et
2337 4686 2521 4752 adjecit
2570 4684 2814 4740 Dominus
2859 4703 3034 4742 vorare
3077 4708 3279 4747 rursum
3322 4694 3558 4766 Samuel,
3596 4709 3698 4755 etc.

2161 4771 2272 4824 NOn
2303 4774 2473 4839 pigeat
2495 4789 2590 4826 nos
2620 4775 2811 4829 iterare
2837 4781 3126 4847 tractando,
3157 4799 3276 4851 qua!
3304 4800 3403 4842 nec
3427 4787 3698 4843 Dominum

2158 4859 2446 4926 loqueudo,
2476 4876 2570 4914 nec
2611 4862 2914 4919 historicum
2963 4870 3124 4937 piguit
3169 4873 3362 4928 iterare
3404 4878 3696 4946 scribendo.

2164 4947 2322 5000 Vocat
2358 4949 2491 5002 Dens
2521 4952 2673 5005 Pater
2705 4953 2865 5007 Deum
2895 4956 3105 5023 Fiium,
3135 4976 3238 5014 non
3271 4963 3411 5016 sicut
3433 4965 3587 5018 homo
3608 4964 3700 5018 bu-

2159 5038 2370 5099 tninem,
2405 5040 2611 5102 pulsato
2660 5042 2832 5096 verbis
2872 5059 2994 5098 aere
3034 5047 3246 5101 deloco
3287 5051 3352 5101 ad
3400 5052 3570 5106 locum
3610 5068 3696 5107 vo-

2156 5123 2354 5208 cando;
2389 5127 2478 5180 sed
2512 5129 2649 5182 hunc
2680 5128 2922 5186 invisibili
2956 5135 3232 5199 presentia
3278 5137 3330 5190 in
3361 5153 3424 5195 se
3455 5154 3695 5211 perpetuo

2157 5211 2474 5289 tuanec/stem,
2519 5219 2677 5269 etiam
2717 5233 2835 5270 cum
2888 5220 2937 5269 in
2971 5221 3124 5272 terris
3165 5220 3434 5280 hominem
3472 5238 3690 5297 gestaret

2158 5299 2448 5356 visibilibus
2479 5306 2644 5373 signis
2685 5308 3036 5360 ostendendo.
3087 5309 3151 5362 Et
3195 5311 3316 5380 quia
3362 5316 3577 5372 Samuel
3604 5319 3690 5380 ibi.

2155 5391 2265 5460 ipse
2296 5395 2455 5466 Deus,
2489 5399 2569 5450 vel
2603 5414 2792 5452 nomen
2839 5399 3121 5467 ejusDeus
3145 5404 3552 5477 interpretatur,
3581 5426 3688 5477 pos-

2154 5499 2334 5535 sumus
2374 5497 2426 5538 et
2469 5487 2566 5540 hoc
2613 5497 2759 5543 recte
2789 5491 2986 5551 dicere.
3017 5493 3134 5560 quia
3185 5496 3442 5554 Dominus
3488 5501 3688 5556 Samuel

2155 5575 2441 5638 vocaverit,
2479 5579 2687 5644 quando
2721 5577 2908 5634 Filium
2955 5581 3107 5638 Pater
3138 5589 3493 5659 incarnatum,
3536 5593 3688 5647 mira-

2161 5663 2294 5717 culis
2329 5664 2488 5719 Deum
2522 5682 2700 5723 verum
2731 5671 3128 5740 dt-tnonstrovit.
3152 5691 3212 5736 ,ει
3241 5680 3334 5738 il'e
3368 5680 3693 5756 responderit
