3898 6260
197 329 302 384 ¹’ίδὲΙ

741 329 804 387 IN
843 332 1220 389 SAMUELEM
1261 334 1674 388 PROPHETAM
1717 333 2146 388 ALLEGORICA
2177 315 2556 390 EXPOSI'l'lO.
2582 363 2649 378 -
2687 334 2814 391 LIB.
2855 336 2897 390 l.

3309 339 3416 397 5'32

199 440 346 516 bit-ce
383 410 501 505 ego.
533 395 626 490 0ιίιὶ
673 439 809 494 idem
859 440 1024 496 Filius
1051 442 1224 495 dixit:
1257 441 1366 510 Ego
1414 444 1465 494 in
1506 441 1685 508 Patre,
1708 453 1762 496 et
1789 449 1838 503 Α
1865 443 1977 494 dica
2007 457 2209 496 causam
2233 456 2368 496 tuam
2404 444 2625 512 (Paulus.
2653 447 2857 515 tum).
2912 446 3093 500 Eacita
3145 457 3422 514 potentiam

202 524 366 580 Pater
390 529 444 580 in
463 543 540 592 me
561 538 633 581 est
659 521 839 599 (lauit.
873 532 1003 600 ιη’).
1568 573 1570 575 ›

276 611 344 666 Et
369 614 520 678 dixit,
554 614 684 669 Ecce
703 633 822 688 ego,
845 629 958 672 etc.
1004 619 1162 674 Notet
1191 619 1414 688 diligens
1443 620 1630 686 lector,
1659 636 1762 674 non

195 706 456 770 paludem
504 720 721 773 semper
765 709 1061 778 allegorica
1105 711 1581 785 interpretationis,
1608 725 1765 781 quem

196 792 450 846 ordinem
500 809 622 849 esse
672 797 908 851 veritatis
955 799 1245 863 historicas,
1287 802 1381 855 sed
1437 802 1595 856 modo
1627 803 1761 870 pari,

199 883 367 938 modo
392 869 618 954 dispari,
647 888 806 943 modo
831 895 1102 946 contrario
1126 895 1192 948 ad
1215 894 1443 949 invicem
1470 904 1608 950 statu
1630 869 1767 953 icon-

201 981 429 1034 versari.
455 981 573 1036 Pari
595 983 834 1051 quidem.
858 995 917 1038 ut
951 988 1213 1042 Samuelis
1245 990 1469 1057 pueritia
1508 992 1762 1060 simplex,

202 1075 264 1118 et
293 1075 510 1134 torpens
537 1073 754 1125 caecitas
779 1073 919 1142 Heli,
948 1073 1154 1131 Domini
1180 1077 1474 1134 Salvatoris
1499 1081 1762 1135 humilita-

198 1165 313 1210 tem
339 1166 393 1211 et
418 1159 672 1225 perﬁdam
694 1163 999 1218 Judteorum
1021 1169 1296 1222 stultitiam
1326 1171 1520 1240 signat.
1550 1170 1763 1238 Dispari

196 1256 406 1311 autem,
438 1257 495 1302 ut
522 1249 680 1304 dubia
711 1251 974 1309 Samuelis
1013 1259 1170 1312 verba
1197 1258 1448 1324 dicentis,
1485 1261 1621 1316 Ecce
1642 1277 1763 1328 ego,
1822 1309 1826 1312 η

195 1339 329 1405 quia
371 1343 570 1394 vocasti
598 1358 722 1407 me,
744 1359 922 1400 veram
950 1359 1258 1419 certamque
1288 1351 1489 1407 Christi
1519 1355 1760 1408 incauta;

199 1419 402 1480 tionem
431 1443 856 1497 praemonstrant.
891 1439 1192 1506 Contraria,
1221 1453 1277 1496 ut
1306 1444 1547 1510 inferius,
1578 1459 1765 1512 pecca-

196 1525 316 1570 tum
349 1519 508 1574 David
541 1522 594 1576 in
647 1539 894 1595 sermone
941 1526 1082 1585 Uria:
1123 1532 1522 1588 misericordem
1567 1534 1762 1589 Christi

195 1607 451 1675 gratiam,
475 1626 578 1676 qua
601 1623 787 1680 gentes
809 1625 894 1670 est
921 1618 1128 1674 salvare
1147 1620 1393 1691 dignatus
1423 1623 1672 1678 insinuat.

274 1693 440 1751 Porro
470 1699 683 1756 Samuel
708 1706 920 1758 necdum
939 1707 1123 1761 sciebat
1145 1707 1439 1772 Dominum,
1469 1721 1572 1765 etc.
1599 1713 1764 1770 Porro

1870 543 2029 597 tuam,
2048 543 2095 585 et
2113 533 2223 586 cmi
2253 533 2474 599 (Psalm.
2497 534 2701 604 uxtx).
2728 534 3020 590 Reuedicite
3039 537 3221 596 Deum.
3250 556 3423 598 emus

1865 621 2034 689 angeli
2061 623 2170 690 ejus
2191 621 2416 689 (Psalm.
2443 624 2539 692 cu)
2565 635 2659 691 ;et
2683 623 2957 680 innumera
2986 627 3308 697 bujusmodi.

1939 707 2004 760 Et
2031 708 2159 762 dixit
2199 709 2446 781 Dominus
2466 713 2533 765 ad
2555 712 2788 783 Samuel,
2818 712 2948 768 Ecce
2990 732 3080 785 ego
3126 721 3259 788 [acia
3302 737 3418 775 rer-

1867 797 1983 849 bum
2009 797 2063 850 in
2085 795 2270 864 Israel,
2301 808 2404 854 etc.
2436 801 2564 867 Qua:
2599 804 2853 872 propheta
2899 807 3140 874 superius
3183 809 3248 863 ad
3304 808 3421 867 Heli

1865 886 1932 940 de
1951 886 2234 956 iudicanda
2254 888 2412 942 domo
2436 891 2571 957 ejus,
2598 890 2698 945 hoc
2721 903 2824 956 est,
2844 893 2912 948 de
2930 895 3224 963 atijicienda
3256 899 3422 967 illius,

1865 987 1921 1031 et
1941 978 2199 1042 Samuelis
2226 979 2590 1036 substituendo
2617 978 3205 1054 sacerdotio’prattlisit,
3231 991 3418 1046 eadem

1866 1067 1979 1136 ipse
1999 1072 2207 1125 Samuel
2231 1071 2370 1127 facto
2412 1074 2476 1126 ad
2503 1088 2564 1128 se
2611 1071 2703 1130 Dei
2747 1078 2963 1133 oraculo
3006 1084 3296 1151 cognoscit,
3344 1086 3422 1142 ci-

1865 1156 2090 1227 demque
2118 1159 2232 1214 Heli
2263 1163 2558 1228 renuntiat;
2583 1165 2704 1234 quia
2732 1180 2850 1233 qua
2871 1166 3242 1239 prephetarum
3282 1187 3421 1241 pra-

1867 1247 2020 1298 conia
2049 1247 2358 1302 deﬁniendo
2388 1251 2551 1306 veteri
2572 1261 2627 1305 et
2675 1252 3057 1318 inti-educendo
3108 1272 3268 1324 novo,
3321 1261 3421 1316 hoc

1866 1343 1949 1388 cst
1973 1334 2168 1390 Christi
2189 1334 2455 1406 Ecclesia,
2483 1340 2782 1396 sacerdotio
2810 1345 3211 1414 pracinucrant,
3233 1349 3418 1406 eadem

1867 1424 1979 1489 ipse
1997 1423 2242 1480 Christus
2271 1427 2323 1481 in
2345 1442 2506 1482 carne
2533 1445 2896 1496 conversatus,
2938 1451 2968 1488 a
3017 1434 3173 1492 Patre
3223 1444 3422 1496 certius

1865 1515 2040 1568 audita
2067 1517 2118 1570 in
2148 1520 2371 1583 occulto,
2401 1521 2490 1588 qui
2514 1522 2812 1600 mortalium
2858 1540 2960 1578 non
3004 1538 3085 1582 est
3137 1544 3383 1586 acres‘us
3406 1574 3422 1596 ,

1869 1605 2037 1671 palam
2069 1606 2364 1661 iudicarunt
2387 1609 2696 1676 primatibus
2722 1619 2781 1665 et
2814 1623 2994 1678 aperta
3029 1632 3156 1672 voce
3199 1623 3420 1676 revelat.

1939 1694 2139 1750 Idcirco
2155 1698 2333 1765 juravi
2348 1699 2521 1752 domui
2551 1699 2694 1765 Heli,
2719 1711 2821 1756 etc.
2869 1702 3062 1760 Domus
3110 1705 3224 1762 Heli
3265 1721 3419 1778 Juxta

196 1781 476 1851 Salvum,
507 1792 659 1856 cuius
687 1804 877 1847 nomen
923 1795 1083 1863 Deus,
1113 1799 1338 1853 necdum
1386 1800 1597 1868 agnum
1623 1814 1702 1856 ρει
1728 1817 1755 1854 a
1794 1798 1836 1855 Β
1870 1784 2094 1839 litteram
2153 1802 2253 1839 non
2304 1787 2632 1843 victimarum
2687 1793 2959 1860 sanguine,
3017 1810 3149 1865 quas
3195 1797 3420 1855 ﬁliorum

206 1874 520 1931 carnalibus
546 1882 726 1932 omnia
761 1880 931 1937 Patris
958 1900 1171 1954 semper
1209 1903 1368 1944 nosse
1401 1903 1628 1954 secreta,
1673 1907 1764 1944 ne-

191 1975 304 2030 que
339 1972 623 2033 antequam
673 1969 1066 2042 baptizaretur,
1119 1976 1250 2030 vidit
1297 1988 1350 2032 et
1406 1981 1761 2034 testimonium

194 2051 468 2119 perhibuit
493 2054 724 2112 Joannes
758 2071 971 2128 apertos
995 2063 1045 2118 ei
1074 2066 1260 2132 caelos,
1297 2076 1353 2122 et
1385 2064 1565 2123 vocem
1593 2069 1763 2125 Patris

189 2153 362 2206 super
390 2157 511 2196 eum
543 2146 732 2200 factam
765 2147 930 2206 fuisse
963 2150 1266 2209 desursum.
1337 2155 1428 2211 Sic
1453 2172 1580 2226 ergo
1615 2173 1764 2214 more

189 2239 396 2283 sancta:
424 2231 715 2302 Scriptura:
753 2235 1010 2293 infantilis
1040 2241 1178 2296 beati
1216 2243 1480 2299 Samuelis
1516 2246 1764 2316 ignoran-

193 2314 272 2366 tia
297 2317 559 2373 nccultata
600 2320 654 2375 in
682 2326 860 2378 carnis
901 2327 1118 2381 infantia
1164 2328 1282 2384 Filii
1326 2330 1420 2386 Dei
1449 2314 1760 2401 sapientiam

193 2405 558 2464 demonstrat.
589 2411 768 2482 Neque
795 2417 935 2469 enim
968 2419 1157 2473 frustra
1183 2421 1381 2476 dictum
1412 2433 1495 2478 est
1518 2443 1530 2476 :
1554 2425 1688 2488 Quia
1711 2427 1763 2478 in

187 2493 309 2552 ipso
334 2508 450 2550 sunt
470 2515 642 2554 omnes
663 2503 886 2560 thesauri
926 2509 1186 2575 sapientia:
1205 2510 1485 2565 absconditi
1513 2512 1648 2583 (Col.
1677 2513 1758 2581 tt),

229 2583 450 2641 idelicet
470 2589 813 2657 inﬁdelibus,
851 2597 1175 2650 manifestari
1198 2599 1561 2655 credentibus.

266 2674 336 2729 Et
361 2678 550 2748 adjecit
584 2680 857 2748 Dominus,
886 2695 935 2738 et
978 2687 1172 2743 vocavit
1213 2688 1394 2757 adhuc
1415 2688 1628 2744 Samuel
1656 2701 1757 2744 ter-

196 2765 296 2820 tio.
327 2767 508 2822 Tertio
532 2770 786 2826 Dominus
807 2784 962 2828 vocat
983 2775 1219 2844 Samuel,
1251 2779 1407 2833 tertio
1430 2794 1760 2848 consurgens

192 2855 316 2922 ipse
344 2858 490 2912 venit
533 2858 598 2913 ad
639 2861 776 2927 Heli,
804 2872 853 2916 et
884 2865 974 2932 qui
999 2879 1057 2919 se
1091 2869 1359 2921 vocaverit
1401 2867 1550 2922 dicit.
1581 2869 1762 2924 Tertio

203 2942 394 2998 Filium
424 2946 582 3002 Pater
609 2949 661 3002 in
702 2964 863 3006 carne
892 2952 1179 3020 visibilem,
1200 2955 1366 3026 signis
1397 2957 1561 3013 Deum
1592 2959 1764 3031 invisi-

207 3030 390 3098 bilem,
415 3039 719 3093 monstravit
750 3058 764 3106 ;
795 3042 847 3096 in
879 3042 1099 3105 infantia
1131 3045 1398 3114 videlicet,
1432 3049 1483 3101 in
1514 3030 1758 3116 pueritia,

1862 1869 1980 1954 ejus
2005 1868 2250 1938 iniquitas
2274 1871 2559 1938 polluebat,
2582 1876 2780 1943 expiari
2814 1880 2977 1944 potuit
3003 1918 3019 1944 ,
3043 1881 3134 1934 sed
3162 1889 3417 1954 sanguine

1865 1946 2036 2010 (arinen
2065 1960 2380 2025 estexpiata
2423 1962 2697 2032 martyrii,
2748 1966 2958 2033 quando
3004 1977 3081 2022 tot
3120 1946 3423 2028 sacerdotes

1861 2043 2042 2110 stirpis
2068 2044 2210 2098 illius
2239 2047 2289 2098 in
2311 2047 2519 2103 civitate
2562 2049 2709 2104 Nobe
2758 2061 2992 2120 paterna
3045 2058 3417 2128 hospitalitatis

1862 2135 2029 2202 gratia
2057 2146 2181 2190 sunt
2210 2136 2445 2193 insontes
2465 2141 2712 2196 exstincti
2767 2141 2823 2212 (1
2879 2143 3006 2216 Reg.
3061 2152 3212 2219 χιιι).
3264 2149 3421 2208 Juxta

1863 2236 1990 2275 vero
2016 2225 2440 2291 consequentiam
2469 2229 2735 2298 allegorite
2769 2231 3016 2302 iniquitas
3051 2236 3239 2294 domus
3280 2240 3420 2306 Beli,

1863 2317 1970 2371 imo
1998 2319 2160 2372 totius
2181 2319 2368 2374 domus
2410 2321 2589 2388 Israel,
2615 2325 2758 2377 nullo
2806 2324 3092 2381 hostiarum
3123 2331 3422 2387 velmune-

1868 2416 1983 2454 rum
2013 2402 2166 2457 bona:
2190 2406 2416 2486 actionis
2443 2421 2636 2475 genere
2663 2409 2826 2462 valuit
2853 2409 2918 2463 ad
2969 2413 3228 2480 integrum
3267 2411 3422 2486 mun-

1836 2492 1995 2563 dari,
2020 2494 2190 2548 donec
2239 2481 2443 2552 veniret
2494 2500 2673 2568 Agnus
2725 2500 2840 2566 Dei,
2889 2504 2979 2571 qui
3031 2505 3166 2561 tollit
3211 2484 3421 2573 peccata

1862 2584 2061 2637 mundi.
2095 2584 2252 2638 Solus
2273 2588 2452 2640 etenim
2477 2590 2684 2660 sanguis
2733 2588 2858 2644 Iesu
2909 2591 3098 2648 Christi
3147 2595 3272 2650 Filii
3309 2601 3423 2669 ejus

1859 2674 2067 2724 mundat
2105 2689 2195 2726 nos
2219 2673 2282 2726 ab
2310 2676 2443 2728 omni
2472 2676 2735 2745 iniquitate
2763 2678 2938 2747 (Joan.
2972 2680 3036 2749 ι).

1937 2783 2183 2840 Dormiuit
2211 2797 2378 2842 autem
2408 2788 2621 2844 Samuel
2639 2807 2798 2862 usque
2821 2811 2985 2861 mane,
3018 2807 3124 2851 etc.
3179 2798 3420 2857 Manebat

1863 2873 2112 2929 Dominus
2139 2875 2190 2930 in
2222 2887 2423 2932 secreta
2453 2879 2628 2947 quiete
2653 2895 2772 2935 cum
2802 2881 2989 2951 Patre,
3011 2887 3131 2942 cum
3157 2904 3262 2957 quo
3287 2892 3422 2948 invi-

1861 2965 2082 3021 sibiliter
2111 2969 2287 3022 omnia
2309 2968 2588 3036 disponere
2608 2981 2662 3025 et
2708 2972 3005 3041 gubernare
3049 2993 3152 3031 non
3205 2991 3416 3047 cessat,

1861 3067 2172 3124 exspectans
2193 3057 2420 3125 quando,
2443 3059 2660 3128 depulsa
2699 3071 2853 3118 nocte
2881 3065 3146 3132 vitiorum,
3170 3071 3422 3150 virtutum

198 3127 256 3172 et
279 3120 330 3174 in
357 3122 657 3189 iuventute.
694 3127 746 3180 In
799 3128 1015 3185 infantia
1056 3133 1274 3201 quippe,
1305 3149 1426 3189 cum
1462 3138 1759 3204 pastoribus
1786 3132 1832 3194 C
1864 3120 2035 3199 hostia
2061 3120 2334 3212 panderet,
2367 3120 2596 3217 quando,
2621 3151 2752 3222 legis
2780 3155 2964 3230 umbra
2987 3120 3432 3223 de,,,},,,,;‘;'c’;

200 3217 256 3263 et
285 3210 453 3279 magis
492 3216 861 3270 attestantibus
905 3233 1000 3287 per
1036 3224 1281 3291 angelum
1329 3227 1645 3296 stellamque
1670 3244 1758 3284 ra-

200 3301 387 3356 diavit.
419 3304 476 3357 lu
519 3306 747 3375 pueritia
794 3324 942 3374 vero,
976 3327 1121 3380 cum,
1171 3330 1429 3371 annorum
1465 3334 1538 3372 xu
1567 3320 1756 3385 lactus,

196 3390 252 3444 iu
301 3393 500 3459 templo
547 3396 803 3462 sapientia
865 3399 1038 3453 divina
1093 3403 1372 3471 praeditum
1411 3418 1756 3473 monstraret,

197 3477 286 3530 ubi
317 3479 431 3544 ipse
465 3481 597 3536 dixit
626 3485 763 3538 inter
791 3499 983 3542 cmtera
1013 3507 1024 3542 :
1055 3491 1189 3556 Quia
1235 3494 1289 3545 in
1327 3496 1405 3547 Itis
1431 3511 1545 3564 qua!
1586 3497 1761 3551 Patris

197 3567 294 3620 nisi
315 3577 455 3632 sunt,
482 3579 680 3642 oportet
727 3589 806 3626 me
855 3591 960 3629 esse
989 3576 1138 3646 (Luc.
1171 3579 1256 3648 tt).
1290 3581 1454 3635 Porro
1482 3583 1536 3637 in
1561 3583 1762 3652 juven-

197 3665 334 3722 tnte‘,
363 3672 484 3712 cum
533 3659 853 3730 baptizatum
883 3665 1039 3721 Pater
1082 3668 1194 3737 ipse
1218 3671 1288 3725 de
1331 3672 1482 3727 caelis
1509 3687 1603 3727 sua
1631 3690 1760 3730 voce

196 3750 442 3820 signavit,
465 3751 650 3806 dicens
675 3769 689 3806 :
717 3753 820 3808 Hic
848 3766 919 3809 est
950 3756 1122 3813 Filius
1151 3776 1288 3814 meus
1316 3763 1551 3830 dilectus,
1579 3766 1633 3818 in
1660 3781 1762 3832 quo

201 3839 326 3892 mihi
349 3840 468 3896 bene
501 3845 785 3912 complacui
812 3847 1003 3915 (Marc.
1035 3848 1096 3917 ι).
1123 3853 1191 3906 At
1217 3853 1268 3906 in
1296 3852 1517 3923 singulis
1539 3856 1620 3910 his
1643 3857 1762 3926 qui-

202 3928 302 3983 bus
330 3929 423 3985 Dei
451 3931 618 3987 Filius
640 3948 670 3986 a
698 3935 812 3991 Deo
835 3937 993 3994 Patre
1015 3939 1337 4007 declaratur,
1366 3944 1481 4012 ipse
1511 3961 1572 4000 se
1601 3945 1761 4000 Filius

209 4022 511 4078 hominibus
542 4025 812 4082 hominem
857 4032 1134 4088 mortalem
1161 4035 1474 4091 mortalibus
1507 4035 1758 4103 oﬂ‘erens,

201 4108 391 4164 adesse
414 4126 496 4177 se,
516 4116 602 4182 qui
623 4115 714 4168 diu
735 4119 1012 4185 quesitus,
1035 4131 1391 4192 exspectatus,
1418 4136 1471 4178 et
1491 4125 1760 4179 desidera-

197 4207 283 4252 tus
313 4201 488 4262 luerit,
522 4203 793 4257 indicavit.
1135 4219 1156 4225 ’

269 4285 531 4342 lnlellexit
569 4291 726 4358 igitur
770 4289 893 4344 Heli
933 4293 1056 4362 quia
1103 4293 1352 4350 Dominus
1395 4308 1592 4352 uacaret
1637 4317 1757 4366 pue-

195 4392 328 4439 rum,
360 4386 464 4430 etc.
487 4377 725 4432 Tandem
759 4390 877 4447 post
915 4382 1080 4436 multa
1108 4395 1138 4438 a
1171 4383 1396 4439 Domino
1435 4386 1569 4440 facta
1599 4397 1652 4443 et
1678 4389 1757 4444 di-

1860 3234 2029 3290 ritatis
2053 3239 2374 3304 evangelica:
2395 3237 2591 3293 lumina
2618 3230 2999 3308 reserarentur,
3023 3254 3079 3300 et
3102 3250 3279 3304 statim
3308 3251 3421 3321 ubi,

1861 3325 1915 3380 in
1943 3327 2104 3382 corde
2137 3327 2428 3395 cuiuspiam
2457 3327 2669 3385 alﬁante
2703 3332 2826 3388 Sole
2865 3334 3110 3404 iustitiae,
3141 3339 3259 3394 ﬁdei
3289 3357 3420 3396 con-

1859 3414 2114 3483 spiciebat
2130 3414 2287 3483 iubar
2316 3425 2581 3485 exortum,
2601 3421 2843 3487 aperiens
2871 3425 3126 3490 ampliora
3152 3429 3231 3482 sui
3259 3428 3441 3500 Spiri?

1862 3509 1945 3556 tus
1977 3500 2136 3565 dona,
2169 3513 2433 3570 perpetuae
2453 3505 2641 3559 domus
2670 3507 2720 3560 in
2745 3509 2895 3564 caelis
2939 3514 3254 3578 sperandum
3291 3532 3409 3582 pro-

1862 3589 2108 3645 mittebat
2131 3591 2446 3661 ingressum.
2470 3593 2620 3660 Quod
2649 3611 2752 3651 non
2776 3599 2945 3654 solum
2971 3610 3094 3658 tunc
3120 3605 3172 3658 in
3201 3603 3419 3675 Judmis,
3519 3601 3522 3605 ’

1858 3680 1952 3753 sed
1979 3691 2033 3735 et
2061 3681 2110 3735 in
2135 3683 2286 3736 nobis
2317 3699 2481 3753 usque
2504 3685 2658 3741 hodie
2684 3688 2909 3755 geritur;
2941 3693 3238 3763 quicunque
3273 3696 3414 3751 enim
3467 3736 3472 3739 ι

1859 3773 2082 3840 gratiam
2102 3772 2298 3827 Christi
2337 3786 2426 3829 aut
2469 3777 2698 3831 nondum
2745 3781 2967 3854 accepit,
3019 3785 3100 3837 vel
3147 3797 3417 3852 acceptam

1859 3861 2129 3929 culparum
2156 3866 2358 3917 meritis
2382 3863 2596 3932 ahjecit,
2629 3867 2751 3919 huic
2780 3868 2834 3922 in
2858 3880 3011 3922 nocte
3051 3871 3302 3926 caecitatis
3326 3889 3418 3942 pn-

1859 3951 1962 4004 sito
1989 3951 2253 4014 Christus,
2279 3953 2368 4019 qui
2398 3966 2612 4021 semper
2637 3955 2689 4007 in
2733 3957 2932 4010 sanctis
2975 3956 3171 4026 vigilat,
3199 3958 3415 4026 dormit,
3449 4024 3452 4027 Χ

1857 4041 2195 4106 ccelestisque
2216 4041 2264 4096 ei
2294 4042 2442 4111 regni
2486 4045 2660 4098 aditus
2685 4046 2936 4100 occludit.
2980 4049 3048 4103 At
3091 4049 3215 4103 dum
3254 4051 3421 4106 lucem

1857 4129 2131 4193 speranda:
2157 4131 2501 4200 petendaeque
2529 4135 2699 4189 venias
2747 4137 2955 4204 recipit,
3003 4137 3280 4194 confestim
3328 4157 3415 4196 es-

1858 4217 2052 4272 citatus
2083 4228 2329 4286 tattquam
2356 4221 2628 4278 dormiens
2657 4224 2930 4291 Dominus,
2954 4229 3085 4281 ostia
3135 4229 3382 4284 virtutum
3401 4274 3415 4298 ,

1857 4321 1976 4374 quae
2003 4308 2336 4363 incumbente
2359 4311 2594 4378 perﬁdia
2645 4327 2865 4380 vespera
2904 4315 3186 4382 clauserat,
3228 4319 3420 4384 aperit.

1856 4393 1953 4448 Cui
1985 4398 2162 4451 sensui
2187 4400 2448 4466 congruit,
2477 4403 2719 4467 quamvis
2745 4403 2843 4454 sub
2863 4403 2966 4457 alio
2997 4406 3151 4472 tropo
3180 4406 3422 4472 pulcher.
3526 4420 3532 4428 ‘

194 4475 278 4517 cla
310 4467 592 4532 magnalia,
625 4476 746 4532 post
790 4470 1039 4536 Baptista:
1072 4471 1291 4529 Joannis
1319 4475 1531 4542 expleta
1556 4491 1756 4546 praeco-
1782 4464 1834 4523 Ι)
1862 4485 1992 4539 rime
2018 4485 2267 4549 concinit,
2295 4464 2442 4551 quod?
2461 4464 2574 4554 ipse
2598 4483 2861 4542 Dominus
2891 4489 3014 4542 dum
3044 4464 3263 4556 dormit,
3283 4507 3415 4548 nau-

196 4555 303 4617 uia,
327 4555 624 4623 intelligunt
653 4561 981 4630 sacerdotes,
1009 4563 1213 4619 Scriba
1238 4577 1291 4620 et
1327 4565 1601 4636 Pharisaei,
1631 4572 1752 4636 quia

194 4644 353 4698 Jesus
380 4648 468 4714 qui
519 4649 570 4701 in
615 4651 836 4706 veritate
874 4654 1050 4708 carnis
1098 4669 1230 4724 puer
1256 4667 1410 4712 natus
1455 4669 1538 4714 est
1579 4663 1750 4728 nobis,

194 4733 311 4800 ipse
334 4737 386 4789 in
419 4739 641 4794 veritate
687 4743 1026 4808 sempiterna:
1064 4744 1278 4801 deitatis
1313 4757 1657 4820 paternorum
1687 4756 1758 4808 sit

193 4824 417 4877 summis
447 4828 836 4896 contemplator
863 4845 1210 4899 arcanorum;
1257 4850 1483 4904 moxque
1515 4853 1753 4895 annuen-

203 4918 284 4967 tes
312 4915 503 4982 agnita:
525 4917 645 4972 ﬁdei
676 4933 961 4987 supernum
989 4923 1160 4990 illum,
1188 4925 1376 4993 gaudia
1403 4928 1594 4994 quibus
1618 4946 1754 4985 nun-

144 5067 149 5071 ἢ
205 5015 363 5068 quam
405 5002 558 5055 abest
603 5008 899 5062 contuenda
948 5022 1152 5078 petere,
1202 5021 1256 5067 et
1301 5028 1418 5093 qua
1451 5015 1804 5093 hominibus

195 5089 505 5145 humanitus
551 5107 770 5149 narrare
819 5099 1031 5162 debeat,
1076 5115 1106 5152 a
1153 5101 1262 5155 Deo
1304 5091 1458 5158 Patre
1504 5106 1756 5164 divinitus

188 5183 408 5248 cupiunt
441 5183 643 5247 audire,
694 5199 774 5251 ac,
823 5202 972 5243 more
1019 5192 1303 5246 amantium
1352 5209 1472 5261 quae
1518 5194 1753 5252 iacienda

189 5279 406 5334 storunt,
431 5272 527 5338 ipsi
558 5281 616 5325 ut
639 5275 765 5328 ﬁant
797 5276 1106 5345 admouent,
1127 5282 1392 5350 quomodo
1433 5299 1530 5338 nos
1558 5289 1752 5356 stupius

185 5371 248 5413 et
269 5361 437 5427 ipsum
472 5363 632 5417 Deum
661 5373 716 5418 et
756 5367 966 5435 angelos
995 5371 1138 5438 quod
1163 5370 1398 5429 facturos
1426 5375 1640 5440 scimus,
1683 5380 1748 5433 ad

183 5451 565 5506 ostendendam
593 5462 786 5506 nostra:
813 5458 1001 5511 mentis
1027 5459 1390 5532 devotionem,
1439 5474 1495 5520 ut
1532 5468 1641 5522 cito
1695 5477 1750 5522 et

185 5540 442 5595 instanter
463 5541 680 5604 faciant,
722 5545 868 5612 quasi
925 5559 1218 5606 annuentes
1264 5553 1558 5610 hortamur.
1610 5557 1746 5610 Dici-

186 5641 305 5682 tuus
329 5626 551 5697 namque
571 5631 810 5685 homines
834 5632 901 5687 de
930 5644 1063 5691 terra
1089 5655 1101 5690 :
1131 5638 1380 5712 Exsurge,
1410 5643 1566 5711 Deus,
1593 5653 1639 5700 et
1650 5649 1745 5716 ju-
1773 5719 1779 5727 _

453 5741 729 5832 Parant.
769 5745 922 5808 XCI.

1865 4585 1929 4626 ta:
1961 4573 2347 4641 periclitantur;
2401 4574 2525 4628 dum
2571 4574 2802 4642 evigilat,
2856 4576 3144 4632 liberantur
3195 4579 3414 4665 (Matth.

1865 4665 1999 4732 vui).

1932 4753 2098 4808 Crevit
2128 4762 2292 4807 autem
2321 4753 2531 4808 Samuel
2550 4795 2562 4814 .
2594 4764 2696 4809 etc.
2728 4755 2905 4810 Crevit
2936 4757 3202 4827 Evangelii
3230 4764 3420 4830 pandi.

1861 4843 2020 4907 catio,
2047 4853 2100 4897 et
2131 4844 2267 4898 Deus
2297 4853 2409 4896 erat
2429 4843 2481 4896 in
2512 4843 2753 4907 Christo,
2784 4847 3033 4901 mundum
3073 4852 3419 4907 reconcilians

1861 4933 1980 4988 sibi.
2012 4931 2189 4987 Crevit
2216 4932 2395 5000 Opinio
2420 4933 2564 4996 Jesu,
2599 4945 2652 4989 et
2697 4937 2826 4990 abiit
2877 4939 2928 4991 in
2981 4947 3141 4995 totam
3185 4941 3412 5011 Syriam.

1859 5019 2010 5078 Unde
2031 5023 2263 5077 Joannes
2289 5024 2362 5077 ait
2392 5043 2404 5076 :
2438 5023 2596 5077 Illum
2617 5035 2808 5094 oportet
2827 5040 3048 5098 crescere
3095 5019 3270 5094 (Joau.
3297 5029 3415 5095 tu);

1857 5101 1912 5168 et
1937 5113 2003 5167 de
2023 5115 2218 5168 veteris
2242 5114 2371 5184 legis
2401 5121 2554 5184 quasi
2587 5116 2701 5170 Heli
2726 5116 2968 5179 decessu,
3012 5115 3261 5170 continuo
3291 5119 3417 5171 sub-

1853 5205 2084 5275 jungens
2110 5222 2125 5258 :
2159 5205 2239 5259 Me
2259 5215 2453 5271 autem,
2483 5206 2669 5275 inquit.
2699 5205 2885 5261 minui.

1933 5295 1998 5348 Et
2019 5313 2117 5350 non
2140 5298 2313 5350 cecidit
2334 5313 2394 5351 ea:
2416 5298 2642 5350 omnibus
2668 5297 2826 5352 verbis
2863 5302 2970 5372 ejus
2999 5302 3050 5354 iit
3079 5312 3284 5359 terram.
3331 5304 3413 5358 Nil

1855 5391 2121 5439 terrenum
2153 5387 2205 5455 in
2229 5385 2403 5439 verbis
2432 5386 2638 5440 Domini
2659 5389 2908 5456 reperies,
2934 5391 3012 5444 vel
3036 5393 3202 5445 nullus
3225 5408 3407 5449 eorum

1853 5475 1942 5539 qui
1971 5481 2178 5528 terrena
2207 5475 2414 5542 sapiunt
2440 5474 2551 5542 ejus
2582 5478 2870 5542 spiritualia
2914 5481 3046 5533 dicta
3068 5485 3411 5549 comprehen-

1853 5561 1951 5617 dit.
1988 5563 2078 5617 Vel
2106 5574 2249 5618 certe
2272 5565 2342 5618 ita
2365 5564 2666 5630 dicendum,
2699 5567 2841 5636 quod
2872 5568 3124 5624 Dominus
3156 5572 3205 5624 iu
3249 5587 3407 5626 carne
3499 5627 3506 5630 ,

1853 5661 2106 5716 moratus,
2136 5653 2421 5723 gentilibus
2441 5695 2454 5721 ,
2479 5655 2564 5723 qui
2595 5656 2657 5710 ad
2707 5660 3161 5726 comparationem,
3197 5661 3403 5714 Iudaeo

2910 5770 2980 5827 17
