3898 6260
1011 379 1206 433 ΒΕΒᾹΞ
1252 377 1688 433 VENERABILIS
1737 373 2005 428 OPEIillil
2051 371 2325 442 PARSJI.
2368 402 2432 413 --
2473 366 2858 456 ΕΧΕΟΕΤΙΟΑ
2899 370 3218 428 GENUINA.
3694 364 3789 420 51':

2801 484 3021 538 litl'UT
3062 485 3148 536 ιχ.

2208 594 2348 648 Cmso
2367 613 2427 647 ac
2449 598 2619 664 fugato
2643 595 2802 648 Israel
2823 614 2854 648 α
2881 595 3203 657 I’Itiliathiint,
3219 605 3266 648 et
3287 595 3416 661 [iliis
3440 612 3660 661 qunque
3680 593 3784 644 (In

2275 669 2538 734 peremptis
2558 707 2569 722 ,
2604 682 2720 716 orco
2757 665 2845 718 De?
2877 666 3075 723 canitur
3100 681 3116 724 ;
3145 679 3243 728 quo
3269 665 3457 715 audito
3480 704 3494 723 ,
3533 666 3657 730 ipse
3691 677 3784 715 stn-

561 379 662 435 5‘15

561 509 675 546 rum
705 493 850 558 quasi
877 501 1012 545 terra
1041 492 1105 543 ad
1136 488 1325 544 ctelttm
1358 491 1585 552 fuerunt,
1617 489 1831 540 verbum
1864 485 2104 538 commit-
2134 485 2179 541 Α
2238 489 2242 526 I

561 593 670 636 tere
689 583 903 647 distulit,
934 597 1064 650 qttos
1112 591 1283 634 tamen
1336 579 1662 647 postmodum
1707 592 1797 644 per
1841 575 2107 642 apostolos

556 681 642 730 est
669 674 734 728 ad
757 675 907 726 tidem
941 687 1127 727 vocare
1147 671 1408 740 dignatus.

629 784 693 840 Et
719 787 945 857 cognovit
973 784 1231 837 universus
1260 783 1425 834 Israel
1473 797 1503 834 a
1530 779 1638 831 Dan
1666 796 1817 846 usque
1838 779 2100 840 Bersabee,

553 890 657 933 etc.
697 876 762 931 Et
789 877 1031 944 cognovit
1060 873 1336 937 catholica,
1367 873 1413 928 id
1437 881 1535 930 est.
1566 869 1879 923 universalis
1923 869 2103 922 Eccle-

555 973 652 1030 sia,
683 967 964 1036 spiritualis
993 965 1234 1020 videlicet
1267 966 1446 1027 Israel,
1471 979 1584 1028 quae
1609 977 1634 1012 a
1662 960 1931 1027 principiis
1953 959 2104 1012 abre—

555 1058 828 1113 tttmtiandi
868 1058 1076 1111 diabolo
1103 1055 1167 1110 ad
1201 1054 1394 1108 fontem
1445 1068 1608 1122 usque
1637 1050 1876 1118 baptismi
1923 1064 2103 1117 perve-

557 1150 746 1206 niendo
759 1159 1068 1220 congregata
1085 1149 1329 1216 est,quod
1345 1147 1461 1199 lldei
1481 1145 1791 1213 praedicator
1801 1152 1940 1197 esset
1955 1141 2103 1195 Jesus

556 1244 812 1305 Christus,
838 1243 924 1312 qui
953 1252 1164 1295 vocatur
1192 1240 1470 1292 Nobiscum
1503 1237 1658 1290 Deus.
1688 1235 1794 1286 Dan
1813 1235 2003 1302 quippe
2027 1235 2102 1285 in-

557 1325 1285 1399 terpretaturjudicium.lllud
1301 1325 1538 1380 Ecclesia:
1557 1335 1761 1391 tempus
1775 1322 2020 1383 insinuat,
2036 1321 2102 1374 de

557 1437 658 1490 quo
673 1421 868 1474 dictum
887 1430 967 1474 est
988 1438 999 1472 :
1025 1419 1077 1472 Ν
1083 1434 1178 1471 unc
1189 1417 1437 1488 judicium
1450 1429 1516 1468 est
1533 1415 1705 1467 mundi
1713 1428 1863 1477 ,nunc
1873 1415 2101 1480 princeps

555 1515 707 1584 hujus
721 1515 892 1567 mundi
907 1512 1133 1582 ejiciatur
1149 1517 1284 1577 foras
1298 1507 1473 1577 (Joan.
1493 1524 1520 1560 κ
1533 1508 1613 1574 tt).
1632 1505 1886 1560 Bersabee
1902 1514 2097 1568 autem,

553 1620 668 1672 qua:
698 1601 1205 1671 puteusjuramenti,
1235 1601 1349 1654 sive
1377 1611 1564 1667 puteus
1593 1598 1866 1664 septimus,
1896 1605 1980 1647 aut
2008 1610 2100 1660 pu-

552 1704 667 1749 teus
705 1696 958 1748 satietatis
1005 1693 1397 1758 interpretatur,
1456 1691 1657 1756 plenam
1689 1685 1933 1754 baptismi
1987 1700 2100 1752 per-

551 1787 844 1855 ceptionem
893 1785 1152 1851 designat,
1182 1797 1324 1844 cum,
1357 1781 1703 1840 .exorcizato,
1733 1776 2098 1829 abrenuntiata

550 1887 603 1932 et
629 1876 845 1942 expulso
875 1873 940 1928 de
959 1875 1116 1927 corde
1144 1872 1375 1935 diabolo,
1404 1870 1595 1922 fontem
1627 1869 1844 1936 quisque
1881 1882 2099 1934 regene-

552 1966 766 2020 rationis
809 1963 1033 2033 Spiritus
1057 1959 1381 2030 septiformis
1424 1960 1604 2027 gratiae
1630 1955 2024 2011 consecrandus
2051 1965 2103 2008 et

550 2058 837 2113 caelestium
895 2056 1153 2108 donorum
1206 2053 1445 2121 largitate
1485 2049 1757 2103 satiandns
1805 2048 2097 2102 intraverit.

548 2149 651 2205 Sed
679 2158 731 2202 et
751 2148 864 2213 ipse
887 2147 1016 2198 situs
1048 2145 1281 2198 locorum
1315 2157 1419 2194 non
1447 2153 1628 2207 parum
1653 2138 1899 2192 Ecclesia:
1927 2150 2100 2192 sacra-

547 2238 737 2294 mentis
763 2236 964 2294 alludit.
997 2236 1114 2302 quia
1150 2234 1398 2288 videlicet
1427 2232 1679 2286 terminus
1720 2227 1917 2282 Judzcat
1947 2237 2099 2282 terra:

550 2329 656 2381 Dan
684 2327 746 2381 ad
769 2325 1213 2394 Septentrionem,
1239 2323 1302 2376 ad
1326 2324 1571 2376 Austrum
1595 2318 1797 2374 exstitit
1817 2318 2095 2378 Bersabee,

544 2434 760 2488 quorum
792 2418 1060 2488 mysticam
1095 2416 1360 2484 plagarum
1412 2411 1716 2467 distantiam
1747 2409 1881 2463 bene
1905 2422 2096 2478 cogno-

543 2511 620 2564 vit
647 2511 734 2579 qui
760 2524 877 2563 cunt
907 2520 1101 2572 sponso
1127 2517 1317 2556 cauere
1346 2502 1487 2556 n0vit
1514 2515 1526 2551 :
1576 2499 1761 2567 Surge,
1805 2497 2010 2566 Aquilo,
2053 2504 2098 2548 et

541 2601 672 2664 veni,
704 2601 897 2657 Auster,
942 2597 1100 2664 per/la
1125 2593 1323 2644 hortum
1352 2605 1537 2655 meum,
1591 2600 1634 2640 et
1663 2589 1825 2656 ﬂuant
1872 2596 2098 2639 aromata

542 2689 681 2743 illius
709 2688 880 2757 (Cant.
913 2686 1006 2752 tv).
1042 2684 1134 2737 Est
1162 2693 1330 2736 autem
1365 2681 1471 2733 Dan
1504 2680 1698 2733 viculus
1731 2692 1760 2730 a
1782 2677 2022 2732 Paneade
2044 2677 2093 2729 in

541 2793 728 2854 quarto
742 2781 981 2834 milliaria
993 2776 1238 2833 euntibus
1249 2771 1538 2843 Tyrttm,de
1551 2786 1653 2838 quo
1670 2780 1722 2823 et
1739 2768 1982 2823 Jordanis
1995 2768 2093 2822 llu-

541 2878 657 2929 vius
673 2883 991 2937 ernmpensa
1006 2868 1124 2922 loco
1134 2858 1350 2920 sortitus
1363 2872 1442 2917 est
1461 2875 1670 2915 nomen.
1692 2859 1783 2913 lor
1795 2861 1987 2926 quippe
2002 2857 2095 2911 llu-

543 2969 676 3018 vium
695 2967 806 3018 sive
825 2964 996 3018 rivum
1019 2959 1224 3015 Hebraei
1253 2965 1472 3018 vocant;
1504 2955 1640 3023 quod
1657 2963 1710 3006 et
1739 2952 1908 3018 ipsum
1933 2949 1998 3002 ad
2025 2950 2095 3002 si-

542 3055 894 3125 gniﬁcandum
911 3050 1210 3120 baptizandi
1229 3049 1432 3103 initium
1449 3048 1583 3101 haud
1601 3043 1901 3115 ignobiliter
1930 3041 2093 3108 respi-

543 3151 632 3204 cit.
650 3148 810 3202 Porro
831 3145 1102 3200 Bersabee
1121 3141 1303 3196 civitas
1315 3141 1425 3194 sive
1437 3139 1583 3191 vicus
1604 3140 1654 3190 in
1672 3139 1806 3190 tribu
1821 3136 2067 3196 Juda,ver
2121 3151 2168 3214 ς

541 3227 669 3308 gens
688 3238 750 3292 ad
778 3242 1047 3298 Austrum,
1075 3241 1131 3287 ut
1153 3234 1401 3287 diximus.
1436 3227 1692 3298 Cognovit
1721 3241 1848 3296 ergo
1879 3225 2088 3279 univer-

544 3347 630 3387 sos
653 3328 834 3397 Israel,
867 3329 916 3381 id
949 3336 1048 3393 est,
1079 3325 1264 3380 visioni
1298 3323 1386 3376 Dei
1420 3323 1646 3376 intentus
1672 3317 2088 3372 Christianorum

542 3420 784 3488 populus,
816 3436 841 3468 a
893 3417 1000 3471 Dan
1049 3428 1212 3484 usque
1246 3410 1525 3473 BerSabc",
1555 3411 1620 3462 ab
1648 3406 1906 3474 Aquilone
1928 3417 2092 3472 usque

541 3509 606 3562 ad
639 3511 904 3568 Austrum,
936 3507 985 3558 id
1013 3515 1113 3569 est,
1139 3519 1167 3556 a
1195 3503 1576 3558 czttecltumeno
1606 3512 1768 3564 usque
1799 3495 1863 3549 ad
1887 3493 2087 3556 lideles,

541 3599 608 3652 a’b
630 3598 710 3651 his
734 3596 821 3665 qui
847 3609 1010 3662 nuper
1033 3595 1342 3648 durissimos
1369 3607 1396 3644 a
1424 3605 1482 3644 se
1513 3591 1677 3643 hostis
1711 3585 1907 3655 antiqui
1939 3581 2092 3638 ﬂatus

542 3688 900 3751 excluserant,
932 3696 1097 3752 usque
1117 3681 1180 3734 ad
1208 3695 1300 3734 eos
1328 3682 1412 3747 qui
1443 3676 1768 3731 lucidissime
1785 3675 1892 3741 jam
1926 3674 2090 3726 sancti

542 3778 765 3848 Spiritus
786 3782 903 3829 sunt
926 3772 1100 3828 calore
1138 3768 1360 3839 perﬂati,
1401 3767 1519 3836 quia
1559 3765 1712 3819 Jesus
1749 3772 1831 3817 est
1854 3760 2092 3814 Christus

541 3868 702 3923 Filius
733 3866 847 3932 Dei,
877 3876 928 3919 et
971 3863 1090 3931 quin
1123 3858 1394 3913 credentes
1427 3856 1618 3909 habent
1646 3857 1808 3909 vitam
1838 3859 2090 3904 mternatn

540 3962 592 4016 in
624 3960 835 4016 nomine
864 3958 996 4026 ejus.
1031 3954 1209 4008 Potest
1243 3952 1292 4004 in
1318 3949 1417 4006 hac
1442 3947 1666 4001 lcetione
1699 3956 1920 4012 persona
1955 3941 2089 3992 beati

538 4052 816 4114 Samuelis,
842 4049 906 4100 ad
932 4047 1040 4114 ipsa
1070 4056 1276 4110 quoque
1302 4038 1536 4093 membra
1564 4035 1781 4096 Christi,
1825 4046 1964 4101 pura:
1999 4031 2091 4084 hu-

541 4141 778 4196 militatis
805 4136 990 4189 merito
1027 4131 1268 4193 sublimia
1297 4127 1502 4190 referri,
1533 4125 1599 4179 de
1623 4123 1811 4194 quibus
1859 4121 1973 4190 ipse
2010 4122 2088 4173 di-

541 4233 617 4286 cit
644 4249 655 4282 :
692 4229 984 4292 Quicunque
1012 4235 1130 4290 ergo
1147 4217 1482 4271 hamiliaverit
1505 4232 1556 4268 se
1574 4216 1700 4268 sicut
1723 4210 1962 4280 parvulus
1979 4210 2089 4273 iste,

544 4324 624 4375 hic
646 4330 716 4373 est
737 4319 900 4387 major
924 4315 975 4366 in
997 4326 1150 4381 regno
1174 4310 1409 4363 caelorum
1439 4304 1648 4373 (Matth.
1677 4303 1848 4371 xvnt).
1894 4302 2094 4367 Quibus

544 4417 597 4469 in
626 4410 819 4480 templo
848 4405 1052 4461 Domini
1076 4399 1480 4461 dormientibus,
1508 4398 1558 4450 id
1587 4403 1689 4457 est,
1717 4393 1782 4445 ab
1820 4393 2094 4445 exteriori-

544 4506 642 4559 bus
664 4501 841 4555 mundi
864 4499 1002 4550 coris
1030 4495 1080 4547 in
1109 4491 1220 4546 sola
1239 4502 1466 4567 sugerna
1489 4486 1752 4540 voluntate
1774 4479 2088 4548 Speculanda
2121 4492 2168 4551 ο

548 4604 654 4651 toto
702 4593 879 4646 cord’s
924 4586 1118 4640 lumine
1155 4578 1442 4644 conversis,
1475 4573 1735 4646 quomodo
1787 4572 1947 4626 multa
1976 4585 2093 4638 qua

546 4687 774 4754 caligans
801 4693 958 4735 senex
984 4685 1034 4730 et
1064 4673 1372 4744 reprobatus
1400 4667 1514 4721 lleli
1555 4682 1657 4718 non
1692 4663 1884 4714 viderit
1932 4665 2094 4712 coale-

546 4774 703 4833 stium
732 4773 1038 4842 iudiciorum
1069 4773 1268 4822 secreta
1298 4767 1613 4832 panduntur,
1672 4759 1826 4806 docet
1856 4754 1966 4816 ipse
1998 4753 2095 4799 tto-

548 4839 745 4932 tttinns,
770 4866 855 4934 qui
879 4861 1108 4930 loquitur
1133 4860 1183 4910 itt
1212 4856 1495 4920 Evangclto
1527 4869 1538 4901 ι
1564 4847 1815 4912 Conﬁteor
1841 4841 1956 4900 tibi,
1992 4839 2094 4890 Do-

549 4965 700 5023 mine.
739 4957 888 5010 Pater
918 4953 1027 5005 caeli
1055 4959 1099 5003 et
1130 4957 1294 5009 terris,
1324 4948 1440 5012 quia
1467 4937 1766 4994 abscondisti
1811 4934 1914 4985 Ita’c
1944 4947 1973 4983 a
2012 4948 2095 4981 διιο

548 5020 795 5126 pientibus
812 5060 858 5101 et
887 5039 1227 5114 prudentibus,
1252 5047 1298 5088 et
1316 5033 1544 5086 rerrlasti
1568 5045 1624 5082 ea
1645 5025 1865 5096 parvulis
1885 5020 2096 5092 (Matth.

548 5112 629 5216 it).
658 5144 752 5199 Ubi
799 5112 954 5194 etiam
984 5135 1034 5186 in
1064 5125 1362 5194 exemplum
1395 5122 1489 5174 loci
1517 5116 1788 5187 presentis
1836 5112 2093 5169 humilius

548 5203 847 5294 coronanda
897 5219 1302 5294 paenitentiam,
1357 5222 1409 5266 et
1460 5209 1801 5279 superborum
1858 5203 2100 5271 impietas

548 5325 847 5382 damnanda
903 5311 1255 5384 pra-mittitur,
1303 5313 1357 5355 ut
1407 5316 1500 5369 per
1528 5301 1638 5352 hinc
1667 5296 1940 5351 manifeste
1985 5308 2100 5361 qua:

553 5413 874 5481 sapientibus
904 5382 1079 5458 saeculi
1129 5399 1408 5454 absconsa,
1435 5406 1549 5458 quin
1584 5388 1865 5443 humilibus
1886 5382 2096 5455 patefa-

555 5511 659 5563 ciat
676 5514 864 5558 arcana
892 5496 1079 5548 dixerit
1123 5484 1431 5541 ostenditur.

1087 5685 1558 5716 ,_______..__

2275 735 2362 801 tim
2389 747 2519 786 retro
2547 737 2728 786 cadens
2757 737 2882 801 perit
2907 745 2952 786 et
2978 751 3134 785 nurus
3163 735 3293 800 ejus,
3325 745 3452 784 nato
3487 739 3649 798 prius
3684 734 3780 794 ﬁlis

2274 799 2502 854 Icltabotl
2522 845 2533 865 ,
2563 805 2649 872 qui
2671 799 3032 870 in‘erpretatur
3062 799 3328 874 inglorius.

2279 934 2341 986 Et
2369 935 2525 986 evenit
2556 950 2718 986 sermo
2749 935 3006 988 Samuelis
3035 935 3266 986 universo
3301 934 3496 987 lsraeli
3529 976 3544 992 .
3587 944 3695 986 clc.
3731 936 3774 984 la

2207 1023 2306 1078 hac
2328 1026 2548 1078 lectione
2573 1025 2824 1092 deceptus
2849 1041 2990 1092 stupe
3018 1025 3105 1078 diu
3136 1041 3228 1092 per
3249 1029 3494 1093 exempla
3529 1029 3773 1094 gentium

2205 1113 2400 1179 Israel,
2438 1117 2646 1169 tandem
2679 1128 2890 1184 accepta
2933 1117 2998 1168 ad
3041 1125 3246 1183 tempus
3291 1117 3582 1187 Evangelii
3631 1121 3769 1177 huic.

2204 1222 2305 1258 nv'n
2337 1207 2504 1260 multo
2536 1216 2654 1274 post
2697 1208 2860 1274 ipsam
2907 1208 3102 1275 pariter
3139 1217 3190 1259 et
3231 1212 3482 1259 doctores
3528 1211 3772 1260 veritate

2202 1298 2493 1349 amissurus
2534 1296 2695 1350 fuisse
2735 1296 2992 1365 signatur.
3038 1297 3427 1364 Translatoqoe
3467 1299 3537 1349 ad
3589 1310 3771 1366 gentes

2205 1387 2292 1441 Dei
2328 1397 2677 1455 testamento,
2710 1387 2994 1441 sacerdotii
3027 1388 3208 1455 legalis
3250 1388 3412 1440 simul
3457 1403 3590 1439 cum
3642 1404 3768 1440 con-

2198 1478 2378 1548 juncta
2409 1480 2456 1532 ei
2489 1478 2762 1546 Synagoga
2784 1518 2799 1542 ,
2835 1479 3060 1545 perditio
3089 1478 3369 1530 subsecuta
3405 1487 3761 1531 monstratur.

2273 1568 2327 1636 (Ι
2361 1568 2489 1637 Reg.
2525 1567 2633 1635 tv.)
2667 1567 2909 1636 Egressus
2953 1577 3025 1619 est
3072 1582 3288 1634 stantque
3337 1566 3507 1618 Israel
3563 1569 3764 1619 aevia-

2207 1662 2549 1728 Philisthiim,
2581 1671 2684 1716 etc.
2721 1661 2978 1728 Egressus
3005 1669 3086 1713 est
3116 1660 3368 1726 populus,
3402 1659 3453 1711 id
3485 1669 3573 1711 est
3595 1700 3614 1722 ,
3649 1671 3763 1723 post

2203 1760 2432 1819 accepta:
2461 1751 2588 1819 legis
2618 1751 2877 1811 notitiam,
2907 1750 2968 1800 ad
2997 1748 3195 1817 agenda
3229 1749 3397 1814 palam
3434 1749 3576 1799 bona
3607 1762 3762 1815 opera

2202 1859 2318 1911 quc
2360 1842 2582 1906 didicit;
2624 1842 3170 1911 expugnandumque,
3215 1848 3472 1907 quantum
3518 1848 3761 1906 poterat.

2199 1935 2510 2001 gentilitatis
2537 1948 2773 1986 errorem
2801 1971 2814 1992 ,
2847 1947 2951 2000 quo
2995 1931 3276 1998 impiorum
3318 1933 3478 1983 corda
3519 1930 3758 1992 ebrists,

2201 2022 2507 2088 perpetuam
2541 2023 2830 2089 vergebant
2863 2020 2914 2072 in
2947 2011 3194 2073 mortem.
3244 2019 3392 2073 Unde
3418 2019 3558 2072 bene
3602 2018 3759 2071 Phili-

2202 2113 2380 2166 sthiim
2430 2112 2679 2165 cadentes
2726 2110 2939 2176 potione
2988 2109 3258 2162 dicuntur.
3306 2107 3423 2170 Quo
3477 2118 3661 2160 tamen
3712 2111 3756 2157 in

2199 2204 2486 2256 certamine
2519 2201 2676 2254 Israel
2709 2215 2811 2252 non
2845 2209 2949 2252 tam
2982 2207 3192 2253 exteras
3223 2207 3405 2266 gentes
3434 2212 3465 2248 a
3497 2198 3755 2250 sederunt

2201 2290 2489 2355 pollutione
2533 2303 2811 2349 revocare,
2843 2301 2998 2354 qnam
3040 2285 3273 2348 seipsum
3303 2285 3556 2346 curabat,
3593 2298 3666 2337 ne
3693 2284 3752 2334 il-

2201 2381 2370 2432 larum
2401 2378 2645 2444 exemplo
2676 2375 2871 2442 periret
2893 2416 2907 2438 ,
2938 2375 3245 2427 observare.

2271 2467 2336 2520 Et
2379 2477 2753 2521 castrametatns
2794 2476 2866 2517 est
2897 2467 3049 2534 juxta
3097 2464 3318 2532 lapidem
3365 2463 3646 2528 Adjutorr'i.
3696 2463 3751 2515 Et

2199 2572 2408 2611 omnem
2439 2546 2729 2622 spiritualis
2759 2555 2837 2607 sui
2872 2556 2988 2608 belli
3021 2553 3266 2607 fiduciam
3309 2554 3358 2605 in
3405 2553 3520 2621 ejus
3561 2553 3749 2607 consti-

2203 2650 2296 2703 tuit
2343 2649 2541 2701 auxilio
2569 2665 2583 2713 ;
2615 2648 2680 2701 de
2707 2663 2810 2715 quo
2841 2646 3050 2701 dicebat
3079 2662 3093 2699 :
3145 2644 3282 2698 Duas
3324 2646 3627 2698 ansiaretur
3671 2658 3748 2694 car

2197 2755 2394 2802 meum,
2425 2739 2478 2790 in
2511 2748 2650 2803 petra
2682 2738 2913 2790 excitaui
2946 2751 3022 2788 me
3065 2733 3298 2803 (Psalm.
3325 2732 3457 2798 1.x).
3491 2734 3556 2785 Et
3586 2731 3708 2783 alibi
3734 2748 3744 2781 :

2203 2830 2442 2882 Dominus
2472 2839 2614 2897 petra
2644 2843 2751 2878 mea
2781 2837 2825 2878 ct
2855 2827 3009 2878 robur
3035 2840 3200 2877 meum
3229 2821 3328 2891 (ΙΙ
3366 2821 3494 2891 Reg.
3532 2825 3662 2887 xxi)

2270 2919 2434 2972 Porro
2480 2917 2792 2968 Philisthiim
2834 2925 3070 2968 venerunt
3113 2915 3164 2965 in
3206 2913 3406 2983 Aphec,
3435 2921 3544 2966 etc.
3589 2910 3746 2963 Prelio

2197 3008 2369 3060 ciente
2413 3007 2463 3057 in
2498 3007 2604 3059 Deo
2637 3019 2759 3057 vero
2812 3003 3004 3065 lsrael,
3061 3001 3308 3055 falsorum
3356 3002 3743 3068 multorumque

2196 3096 2424 3147 cultores
2473 3094 2691 3147 deorum
2742 3094 3000 3145 continuo
3055 3091 3200 3144 furor
3250 3106 3421 3143 novus
3482 3090 3742 3142 imidendi

2197 3201 2420 3254 eztmque
2474 3183 2795 3250 depravandi
2849 3181 3144 3249 corripuit;
3202 3190 3254 3233 et
3313 3180 3414 3232 hoc
3462 3189 3549 3232 est
3597 3179 3745 3231 Phiii-

2191 3278 2384 3329 stitmos
2435 3277 2601 3328 aciem
2654 3277 2702 3326 in
2762 3275 2969 3340 Apbec,
3024 3271 3072 3324 id
3121 3279 3230 3334 est,
3281 3269 3332 3321 in
3385 3269 3565 3322 furore
3612 3282 3740 3320 nove

2192 3375 2372 3418 contra
2407 3365 2561 3417 Israel
2596 3363 2891 3422 instruere,
2926 3361 3176 3412 ﬁnitimas
3208 3372 3442 3426 quasque
3469 3367 3651 3425 gentes
3680 3357 3740 3408 ab

2193 3454 2478 3507 immundis
2506 3453 2726 3505 edoctas
2757 3450 3057 3515 spiritibus,
3084 3448 3146 3499 ad
3171 3445 3630 3499 scandalizandutn
3655 3445 3735 3497 Dei

2193 3545 2483 3614 populum,
2521 3556 2785 3610 perversae
2818 3540 3088 3609 religionis
3121 3538 3199 3591 rel
3243 3537 3468 3590 actionis
3509 3535 3734 3600 exempla

2193 3643 2623 3702 praemonstrare,
2655 3629 2792 3698 τιυοά
2821 3643 2847 3680 a
2878 3640 3119 3695 tempore
3150 3626 3278 3694 legis
3299 3636 3554 3692 acceptzn,
3585 3637 3737 3690 usque

2190 3728 2314 3780 dum
2361 3725 2526 3793 gratia
2574 3723 2768 3777 Christi
2815 3722 2940 3776 fecit
2979 3729 3202 3788 utraque
3248 3732 3446 3781 unum,
3481 3729 3734 3780 nunqua

2191 3831 2343 3883 agerc
2369 3805 2699 3869 deStiterunt.

2264 3905 2398 3957 Inito
2420 3915 2580 3956 autem
2604 3903 2874 3955 certamine
2895 3909 3038 3970 terga
3054 3897 3199 3950 vertit
3223 3894 3385 3949 Israel
3409 3891 3730 3955 Pitiiisttitzis,

2192 4009 2292 4051 etc.
2318 4001 2444 4050 Urtn
2469 3998 2600 4049 inter
2631 3993 2787 4046 Israel
2810 4002 2864 4046 et
2888 3990 3160 4059 gentilium
3187 3973 3604 4056 populos‘rernm
3635 4000 3734 4036 ver-

2192 4090 2482 4157 borumque
2527 4087 2594 4139 de
2640 4098 2761 4137 vera
2805 4083 3065 4151 religione
3107 4078 3385 4142 conﬂictu,
3429 4087 3484 4128 et
3523 4075 3620 4126 hoc
3648 4089 3733 4138 pro

2193 4184 2344 4234 unius
2385 4190 2436 4233 et
2476 4177 2587 4232 veri
2633 4177 2722 4229 Dei
2765 4173 2946 4235 cultu',
2988 4171 3093 4224 illis
3143 4184 3236 4237 pro
3279 4167 3534 4220 idolorum
3565 4166 3734 4215 delun-

2191 4277 2396 4326 satione
2427 4268 2772 4329 certantibus,
2801 4262 2994 4318 defecit
3024 4261 3124 4315 tide
3156 4258 3312 4312 Israel
3333 4297 3347 4320 ,
3379 4267 3431 4309 et
3465 4255 3732 4322 proclivius

2194 4363 2304 4426 ipse
2348 4361 2410 4412 ad
2459 4371 2696 4412 errorem
2724 4353 2991 4424 gentium,
3023 4365 3179 4420 quam
3211 4357 3396 4416 gentes
3423 4347 3488 4399 ad
3515 4360 3731 4409 sequen-

2194 4455 2312 4505 dam
2339 4451 2496 4503 tidem
2521 4448 2637 4516 ejus
2663 4456 2881 4515 potuere
2907 4434 3163 4495 converti.
3180 4437 3344 4506 Cujus
3370 4446 3542 4490 tamen
3571 4437 3730 4502 portio

2199 4561 2302 4600 non
2351 4543 2566 4596 minima
2591 4579 2607 4603 ,
2651 4538 2859 4592 caeteris
2887 4536 3009 4588 licet
3041 4529 3412 4600 peccantibus,
3456 4527 3519 4580 ad
3561 4525 3728 4579 deten-

2197 4635 2360 4690 sanda
2395 4634 2641 4684 virtutum
2670 4625 3018 4693 spiritualium
3050 4622 3318 4691 perstabat
3348 4628 3518 4671 castra
3547 4616 3722 4669 redire.

2199 4726 2373 4791 Neque
2418 4721 2530 4773 haec
2575 4719 2643 4772 ita
2683 4715 2964 4784 allegorice
3004 4726 3163 4780 super
3201 4709 3402 4776 antiqui
3447 4706 3539 4758 Dei
3569 4707 3724 4771 pnpidi

2146 4860 2149 4862 _
2199 4823 2338 4865 statu
2370 4814 2707 4877 interpretata
2740 4815 2892 4873 putes
2914 4846 2928 4870 ,
2960 4814 3012 4856 ut
3062 4817 3164 4854 non
3195 4802 3353 4875 etiam
3391 4797 3485 4848 tibi
3515 4797 3724 4863 u'opolo.

2197 4906 2313 4972 gice
2355 4905 2687 4956 conveniant.
2736 4899 2865 4952 Nam
2911 4907 2967 4948 et
3008 4895 3122 4960 ipse
3167 4889 3375 4958 quoties
3413 4887 3722 4955 expeditione

2198 4992 2705 5063 spiritualispiritus
2737 4986 3038 5041 immundos
3064 4992 3368 5048 expugnare
3397 4978 3604 5042 niteris,
3634 4992 3721 5030 non

2335 5086 2579 5139 videlicet
2625 5081 2817 5135 virtute
2865 5077 3062 5135 lretus,
3092 5073 3185 5124 sed
3219 5071 3270 5122 in
3301 5070 3476 5140 lapide
3515 5067 3724 5124 conlisus

2201 5178 2293 5230 illo
2322 5176 2407 5244 qui
2437 5175 2502 5227 de
2533 5183 2712 5226 monte
2754 5168 3004 5236 praecisus
3046 5173 3126 5215 est
3152 5159 3267 5214 sine
3296 5160 3536 5214 manibus
3565 5155 3723 5230 (Dat.

2206 5265 2319 5334 tt),
2369 5264 2513 5317 solos
2563 5259 2758 5316 diaboli
2807 5268 2964 5322 regna
3017 5261 3353 5320 prosternere
3401 5249 3572 5308 novit,
3621 5260 3719 5299 mox

2205 5356 2361 5410 iider‘tt
2411 5353 2644 5408 veritatis
2687 5347 2886 5402 inimici
2932 5357 3184 5398 novarum
3241 5341 3333 5394 tibi
3377 5340 3562 5392 atrium
3605 5335 3724 5388 [oro-

2208 5462 2355 5511 rem,
2387 5439 2708 5511 p‘er‘singula
2739 5438 2887 5489 bona:
2915 5433 3238 5497 operationis
3262 5438 3435 5495 carpta
3459 5435 3721 5492 opponunt.

2204 5540 2346 5593 Cave
2375 5543 2551 5589 autem
2603 5543 2669 5583 ne
2716 5540 2864 5594 terga
2908 5526 3098 5579 mentis
3145 5515 3457 5574 ferientibus
3490 5514 3722 5583 peccando

2207 5641 2383 5685 vertas
2432 5623 2700 5681 hostibus.
2748 5621 2838 5673 sed
2885 5619 3084 5683 potius,
3131 5616 3279 5680 iusta
3323 5609 3464 5678 quod
3507 5607 3720 5663 admotis!

2215 5717 2482 5791 atostolus
2527 5713 2745 5769 Jacobus
2779 5729 2789 5760 :
2850 5708 3036 5760 Resiste
3077 5703 3310 5764 diabolo,
3360 5711 3404 5752 et
3451 5699 3598 5770 fugiet
3629 5712 3658 5748 α
3687 5706 3724 5748 te
