3898 6260
274 335 382 391 5‘25

765 340 831 394 IN
870 337 1236 395 SAMUELEM
1281 301 1684 395 Paeanem:
1712 340 1803 394 At.

1913 343 2149 398 CORICA
2194 344 2564 401 EXPOSITIU.
2594 377 2657 390 -—
2698 350 2821 402 UB.
2875 347 2912 406 I.

3369 357 3474 412 5'26

272 456 417 526 (Jac.
445 459 540 525 tv).
575 455 767 510 Verum
799 457 916 522 quia
948 455 1198 522 scriptum
1240 465 1316 509 est
1350 473 1362 506 :
1408 455 1586 507 Varius
1614 463 1819 508 euentus
1855 457 1899 510 Α
1931 451 2134 507 bianter
2161 457 2462 520 quaerebat,
2495 457 2786 510 venientem
2827 458 2935 524 jam
2986 473 3264 526 respuere,
3314 476 3366 519 et
3418 471 3468 519 in

272 559 350 602 est
380 547 495 602 belli
513 587 526 606 ,
558 557 603 599 et
633 562 765 598 nunc
794 545 958 607 hunc,
992 562 1120 597 nunc
1148 543 1294 598 illum
1337 544 1582 597 consumit
1622 544 1822 612 gladius

273 639 292 701 (
316 633 343 688 1
358 635 374 686 l
413 634 533 704 Reg.
570 637 641 701 ιι)
666 675 679 698 ,
710 635 753 686 si
788 633 921 687 forte
951 633 1014 685 ad
1048 644 1255 702 tempus
1283 635 1507 687 cessisse
1535 644 1588 688 et
1617 633 1816 687 hostem

277 726 478 780 vicisse
505 725 811 790 contigerit,
843 723 886 776 si
913 724 1069 777 etiam
1102 738 1254 791 agros
1284 725 1434 777 bona:
1463 732 1565 777 tua:
1593 739 1814 776 conver-
1888 737 1890 740 '

273 815 496 869 sationis
543 813 840 868 fructiferos
886 812 1198 881 populasse,
1230 823 1283 867 et
1313 813 1638 879 prudentiam
1659 855 1675 877 ,
1710 811 1821 866 for-

273 907 584 968 titudinem,
627 905 882 974 justitiam
911 919 973 958 ac
1001 907 1439 973 temperantiam,
1485 905 1633 973 quasi
1680 920 1818 972 prte-

270 997 677 1050 cellentissimas
707 1005 932 1064 quatuor
961 993 1122 1048 duces
1148 1005 1337 1048 cuncta
1366 981 1616 1048 virtutum
1649 1004 1813 1048 turma

270 1085 631 1152 subsequitur,
677 1098 737 1139 se
778 1084 1031 1138 stravisse
1071 1081 1384 1150 jactaverit,
1415 1099 1512 1140 nec
1556 1085 1601 1138 si
1645 1093 1816 1138 tamen

207 1167 215 1178 ’
269 1177 384 1232 inse
410 1185 582 1229 castra
615 1175 797 1243 optimi
829 1173 1116 1242 propositi,
1148 1189 1265 1243 qua
1289 1175 1432 1241 juxta
1469 1175 1668 1226 ﬁrmam
1715 1189 1810 1243 pe-

267 1273 402 1318 tram
435 1274 662 1320 metatus
690 1280 769 1326 es,
797 1265 1066 1327 deserere,
1098 1264 1191 1318 sed
1225 1265 1388 1332 magis
1421 1260 1730 1317 humilitatis
1765 1274 1816 1317 et

266 1357 592 1424 poenitentia:
620 1355 857 1408 remedio
889 1354 1121 1421 perditos
1148 1354 1396 1407 virtutum
1425 1367 1621 1407 cuneos
1648 1352 1813 1406 debes

265 1463 397 1502 nova
428 1447 794 1514 redintegrare
825 1447 1008 1499 militia
1036 1488 1050 1508 ,
1077 1444 1227 1514 juxta
1257 1460 1378 1498 eum
1410 1446 1498 1512 qui
1528 1445 1660 1499 dixit
1689 1461 1703 1496 :
1753 1443 1813 1499 Si

258 1541 465 1606 spiritus
493 1548 783 1608 potestatem
823 1539 1060 1592 habentes
1099 1535 1409 1590 ascenderint
1437 1552 1586 1602 super
1617 1547 1663 1590 te
1686 1576 1698 1598 ,
1733 1536 1811 1589 lo-

219 1682 223 1688 ,
260 1646 375 1682 cum
421 1639 561 1681 tuum
602 1645 663 1682 ne
703 1629 980 1691 dimiseris,
1033 1628 1154 1697 quia
1182 1628 1376 1680 curatio
1424 1642 1620 1680 cessare
1663 1629 1812 1696 faciet

258 1731 462 1788 peccata
489 1721 711 1772 maxima
740 1718 906 1787 (Eccl.
940 1719 1060 1784 xx).
1090 1707 1318 1771 instante
1349 1719 1504 1786 igitur
1532 1717 1598 1771 ab
1624 1718 1810 1772 adver—
1849 1770 1863 1788 ὲ

1929 544 2236 610 qttibu-‘dam
2265 545 2372 598 suis
2403 545 2650 600 membris
2696 546 2854 600 etiam
2901 551 3144 618 persequi
3194 563 3247 606 et
3292 554 3471 611 odisse

1926 647 2030 686 non
2063 633 2357 690 dubitabat.

1993 720 2251 786 Erantque
2279 724 2377 797 duo
2406 726 2499 788 ﬁlii
2529 724 2648 778 Heli
2689 743 2799 780 cum
2841 743 2958 782 arca
2999 732 3198 801 {aderis
3229 733 3493 802 Domini,’

1921 821 2024 864 etc.
2058 811 2125 866 Et
2151 815 2361 868 nomine
2388 824 2439 868 et
2469 819 2656 870 merito
2702 819 2790 873 filii
2842 820 2955 874 llcii
3003 822 3278 892 designant
3322 834 3460 893 quod

1918 902 2170 968 populum
2213 902 2425 958 Christo
2468 906 2517 957 in
2561 921 2720 961 carne
2767 924 2868 962 non
2911 911 3130 966 credere
3175 915 3330 966 etiam
3375 929 3459 968 sa-

1922 992 2193 1046 cerdotum
2226 991 2366 1048 illius
2399 997 2652 1062 temporis
2681 1015 2783 1052 nun
2830 1015 3012 1068 parum
3057 995 3206 1071 culpa
3240 1004 3456 1070 adjuvit.

1919 1081 2088 1148 Opimi
2117 1083 2340 1151 quippe,
2383 1085 2748 1150 discalciatus,
2795 1089 2929 1141 sicut
2968 1102 3020 1143 et
3063 1107 3219 1158 supra
3265 1093 3459 1147 dictum

1917 1182 2069 1246 est;
2102 1174 2356 1242 Pliinees,
2410 1190 2470 1231 os
2525 1188 2726 1232 mutum
2779 1179 3167 1249 interpretatur.
3226 1186 3457 1252 Quorum

1918 1263 2058 1329 prior
2108 1264 2505 1320 dissolutionem
2555 1280 2796 1331 actuum,
2849 1274 3108 1339 posterior
3157 1277 3310 1327 etiam
3369 1277 3463 1329 do-

1914 1353 2066 1407 cendi
2095 1355 2336 1409 inertiam
2369 1361 2570 1426 signat,
2623 1377 2741 1414 cum
2791 1365 2945 1417 etiam
2997 1364 3214 1430 perfecti
3265 1369 3458 1438 quique

1913 1445 2249 1513 sacerdotes,
2283 1457 2335 1502 et
2371 1449 2574 1504 incessu
2607 1451 2728 1505 boni
2759 1451 2932 1520 Operis
2959 1457 3161 1522 ornati,
3191 1469 3242 1513 et
3271 1461 3459 1528 praedi-

1914 1536 2135 1589 cationis
2163 1551 2280 1589 esse
2307 1538 2531 1592 debeant
2562 1555 2687 1592 voce
2718 1542 2887 1596 liberi.

1983 1623 2202 1693 Cumque
2226 1627 2433 1679 venisset
2458 1644 2574 1679 αττ
2603 1630 2801 1696 [aderis
2832 1628 3032 1685 Domini
3061 1634 3111 1686 in
3141 1646 3326 1697 castra,
3355 1646 3460 1692 etc.

1913 1712 2044 1768 Nato
2075 1715 2128 1768 iu
2156 1729 2315 1769 carne
2347 1717 2585 1782 Domino,
2616 1720 2851 1772 turbatus
2881 1729 2962 1773 est
2988 1725 3158 1775 omnis
3187 1723 3380 1790 Israel,
3406 1737 3460 1782 et

257 1785 412 1864 sariis
441 1811 675 1876 periculo
702 1810 1030 1873 certaminis,
1060 1823 1232 1864 arcum
1262 1807 1663 1864 ferventissimae
1689 1811 1808 1865 fidei
1845 1785 1886 1844 Β
1917 1806 2238 1870 ντωάίοδηιϐ
2268 1807 2354 1861 alii
2386 1808 2448 1862 ad
2485 1809 2803 1864 credendum
2832 1853 2846 1877 ,
2881 1812 2966 1866 alii
2999 1814 3060 1867 ad
3092 1817 3454 1873 contradicen.

259 1901 644 1954 auxiliatricem
676 1898 826 1954 oﬂ'er.
875 1898 977 1952 Sed
1005 1900 1048 1952 si
1079 1907 1132 1953 et
1162 1899 1305 1954 illam
1337 1898 1474 1954 forte
1501 1900 1812 1969 nequissimi

262 1990 328 2042 ad
361 1991 540 2043 boram
573 1989 652 2043 vel
685 1989 925 2042 bmresim
953 1989 1358 2054 permiscendo,
1389 1992 1467 2044 vel
1513 1991 1617 2044 alio
1647 1993 1812 2060 quoli-

260 2083 346 2133 bet
388 2095 582 2149 genere
625 2081 825 2134 fraudis
871 2081 1260 2147 attamipaudo,
1292 2081 1683 2146 subtraxerint,
1717 2070 1830 2138 nec.

259 2167 350 2222 tibi
399 2182 642 2235 supernas
688 2169 898 2236 pietatis
947 2169 1198 2222 auxilium
1237 2167 1482 2233 deﬁciet,
1527 2185 1646 2236 qua:
1690 2170 1812 2225 ideo

258 2260 568 2327 plerumque
617 2273 743 2313 suos
785 2260 849 2313 ad
903 2260 1325 2328 horamcadere
1373 2263 1671 2328 permittit,
1718 2273 1809 2327 ut,

261 2351 471 2416 cognita
519 2351 726 2418 propria
784 2351 1116 2411 inﬁrmitate,
1166 2352 1430 2406 cautiores
1473 2355 1808 2420 postmodum

257 2443 313 2494 in
344 2440 622 2494 virtutibus
641 2481 657 2506 ,
687 2455 748 2494 ac
779 2439 1119 2509 perfectiores
1145 2442 1208 2496 ad
1239 2444 1450 2511 praemia
1481 2452 1676 2499 servet.
1710 2443 1809 2497 De-

259 2535 422 2600 nique
467 2547 588 2586 arca
639 2544 755 2600 post
801 2534 1064 2588 modicum
1097 2535 1212 2588 Iusta
1243 2535 1461 2589 domum
1494 2537 1806 2605 regreditur,

258 2630 561 2690 tnteturque
590 2621 734 2674 urbis
762 2623 813 2674 iu
846 2637 966 2676 arce
996 2623 1076 2677 bis
1103 2623 1256 2677 denis
1304 2634 1580 2692 permanet
1619 2627 1771 2678 annis
1790 2666 1804 2688 ,

253 2710 375 2776 quia
424 2725 516 2776 per
544 2712 906 2780 ptenitentiam
953 2727 1093 2776 saepe
1119 2722 1328 2780 recepta
1364 2713 1530 2767 virtus
1573 2715 1805 2767 animum

255 2802 530 2856 ardentius
575 2818 731 2870 quam
779 2812 903 2858 ante
951 2803 1210 2859 turbinem
1257 2806 1560 2859 tentationis
1605 2814 1807 2872 poterat

247 2892 534 2962 adimplet,
563 2907 790 2962 eumque
819 2908 982 2960 usque
1013 2894 1076 2948 ad
1107 2903 1526 2949 consummatum
1557 2896 1806 2964 perfectae

254 2985 389 3051 legis
414 2985 605 3038 divina:
630 2985 940 3057 decalogum
961 3028 977 3054 ,
1007 3001 1069 3041 ac
1111 2988 1506 3056 percipiendum
1550 2999 1806 3059 perpetuo

245 3074 482 3128 cmlestis
510 3074 710 3128 denarii
741 3075 1009 3146 gaudium,
1031 3076 1332 3131 comitatur.
1360 3077 1550 3131 Verum
1580 3079 1661 3132 his
1687 3095 1804 3133 mo-

247 3165 347 3218 rali
376 3163 706 3232 expositione
733 3166 1131 3234 prcoccupatis,
1163 3167 1440 3221 redeamus
1467 3169 1531 3221 ad
1561 3168 1798 3222 ordinem

247 3255 524 3318 lectionis,
573 3265 626 3309 et
670 3255 720 3308 in
761 3255 1132 3324 antiquissimo
1175 3255 1365 3311 littera:
1407 3271 1625 3312 nemore
1663 3273 1797 3313 nova

243 3347 538 3413 Spiritualis
567 3347 835 3418 allegoria
865 3363 1015 3418 poma
1046 3362 1366 3418 quaeramus.
1399 3367 1412 3377 ·

321 3436 488 3500 Quare
532 3439 775 3505 percussit
818 3455 910 3492 nos
951 3438 1196 3493 Dominus
1235 3439 1382 3493 hodie
1419 3455 1586 3493 coram
1635 3439 1798 3495 Phili-

239 3528 414 3582 sthiim
437 3529 462 3581 ?
494 3537 596 3583 etc.
627 3529 1016 3583 Consnluerunt
1045 3530 1142 3583 sibi
1192 3544 1287 3597 pro
1328 3529 1664 3597 adipiscenda
1707 3546 1796 3584 sa-

243 3617 372 3671 lutis
400 3617 481 3670 via
522 3617 785 3673 doctiores
822 3617 1017 3686 quique
1060 3627 1167 3670 tum
1216 3618 1467 3686 temporis
1511 3619 1561 3671 in
1607 3619 1796 3688 populo

238 3711 437 3773 Israel,
467 3709 785 3776 quaerendo,
817 3709 1102 3771 videlicet,
1131 3725 1294 3778 quare
1335 3711 1502 3779 legem
1535 3713 1795 3780 accipien-

243 3812 359 3864 tes,
409 3799 680 3875 legemque
725 3798 902 3853 facere
949 3800 1223 3864 volentes,
1262 3813 1382 3853 eum
1430 3803 1683 3868 perlicere
1711 3803 1790 3856 vel

242 3893 467 3959 implere
513 3891 874 3958 nequiverint,
906 3906 1066 3959 quare
1095 3894 1200 3946 sint
1247 3896 1481 3960 percussi
1512 3908 1540 3946 a
1574 3894 1793 3947 Domino

237 3998 420 4036 coram
467 3982 782 4036 Philisthiim
809 4023 825 4046 ,
858 3983 908 4035 id
938 3991 1053 4047 est,
1081 3998 1280 4051 quare,
1314 3986 1654 4052 permittente
1685 3986 1790 4038 Do-

237 4074 415 4135 mino,
448 4087 618 4140 neque
646 4087 738 4127 eos
765 4087 857 4126 sua
903 4074 1069 4142 gratia
1091 4107 1093 4109 ι
1107 4073 1321 4142 juvante
1345 4116 1361 4139 ,
1395 4077 1787 4144 concupierint,

238 4165 476 4231 legentes
518 4173 572 4215 et
613 4163 889 4230 diligentes
936 4159 1283 4230 legem,qu:e
1326 4166 1490 4218 dicit:
1528 4164 1644 4216 Non
1671 4180 1791 4216 con-

234 4254 462 4318 cupisces
493 4249 686 4319 (Exod.
715 4251 793 4317 tt).
828 4250 1247 4319 Inveneruntqne
1277 4253 1484 4306 tandem
1514 4255 1640 4308 utile
1665 4269 1790 4308 con-

233 4341 414 4394 silium
434 4383 449 4406 ,
484 4347 540 4392 ut
566 4349 866 4408 quaerentes
893 4339 1085 4394 Christi
1117 4344 1335 4410 gratiam
1356 4385 1370 4408 ,
1401 4359 1518 4412 quae
1560 4345 1612 4398 in
1659 4346 1790 4414 legis

1913 1895 2035 1947 dum
2069 1899 2412 1951 movebantur
2445 1917 2457 1962 ;
2489 1907 2542 1952 et
2573 1910 2775 1954 terrena
2809 1903 2954 1969 prius
2982 1907 3302 1962 conscientia
3332 1913 3450 1964 caui

1913 1983 2095 2038 laudes
2122 1985 2372 2041 insonuit.

1980 2071 2046 2127 Et
2092 2075 2359 2128 audierunt
2411 2075 2720 2132 Philisthiim
2767 2095 2932 2134 uocem
2981 2084 3233 2139 clamoris.
3286 2087 3348 2140 Et
3389 2094 3452 2142 ad

1910 2166 2184 2233 gentilium
2217 2182 2382 2233 usque
2411 2151 2760 2237 cognitionem
2793 2170 2926 2226 fama
2955 2173 3232 2230 dominicae
3261 2180 3452 2245 pretii.

1910 2254 2130 2308 cationis
2159 2256 2309 2311 dixit.

1924 2406 1935 2419 ι
1978 2342 2374 2412 Timueruntque
2400 2346 2713 2402 Philisthiim
2744 2351 3003 2407 dicentes:
3039 2352 3182 2409 Venit
3224 2356 3376 2413 Deus
3399 2361 3453 2414 in

1907 2443 2106 2499 castra,
2139 2444 2242 2489 etc.
2289 2435 2600 2492 Timuerunt
2650 2440 2867 2508 pagani,
2913 2457 3294 2512 cognoscentes
3341 2454 3449 2504 veri

1909 2524 1998 2578 Dei
2031 2524 2310 2580 adventum
2342 2529 2393 2581 in
2423 2530 2618 2583 mundo
2639 2571 2652 2596 ,
2682 2532 2746 2585 ad
2775 2533 3053 2588 munienda
3085 2552 3298 2592 suorum
3346 2541 3453 2609 spi-

1909 2613 2125 2666 ritualia
2155 2625 2328 2669 castra
2360 2617 2588 2672 fideliqu
2620 2636 2636 2685 ;
2669 2630 2723 2674 et
2765 2625 3046 2678 multorum
3097 2626 3451 2701 falsorumque

1909 2705 2180 2756 numinum
2234 2705 2497 2771 cultores,
2530 2709 2685 2762 simul
2718 2718 2771 2763 et
2810 2712 3044 2766 culturas
3090 2716 3454 2784 ingemuerunt

1906 2806 2025 2846 esse
2055 2794 2349 2860 perdendae
2370 2836 2384 2860 ,
2415 2810 2577 2862 seque
2607 2797 2832 2853 invicem
2865 2803 3051 2867 perfidi
3082 2804 3146 2859 ad
3178 2805 3447 2864 debellan-

1906 2881 2024 2936 daru
2055 2881 2175 2938 lidei
2204 2897 2268 2938 ac
2295 2886 2534 2940 veritatis
2563 2886 2726 2942 aciem
2760 2893 3144 2946 contortarnnt.

1925 3030 1937 3041 ,
1977 2972 2096 3027 Non
2120 2973 2250 3028 enim
2279 2975 2373 3041 fuit
2403 2987 2543 3030 tanta
2573 2981 2838 3034 exsultatio
2864 2985 2971 3035 lteri
2993 2993 3041 3036 et
3067 2975 3444 3042 nudiustertius.

1906 3063 2085 3133 Neque
2117 3066 2166 3118 in
2197 3067 2332 3136 lege,
2361 3083 2529 3136 neque
2555 3080 2678 3125 ante
2704 3072 2872 3142 legent
2902 3083 3006 3128 tam
3036 3089 3272 3146 prompta
3301 3079 3446 3135 fuere

1905 3155 2062 3210 corda
2091 3159 2414 3212 credentium
2445 3161 2511 3214 ad
2544 3172 2727 3216 cuncta
2771 3178 2864 3231 pro
2910 3167 3143 3222 cmlestis
3184 3171 3328 3239 regni
3357 3174 3431 3227 de

1901 3249 2128 3311 siderio,
2164 3249 2241 3302 vel
2277 3251 2519 3316 patienda
2560 3268 2677 3321 qua:
2724 3255 2879 3308 terris
2912 3258 3160 3323 borrcnt,
3193 3259 3274 3312 vel
3301 3274 3423 3328 sper

1903 3341 2070 3394 nenda
2100 3355 2216 3410 qum
2239 3341 2431 3413 libent.

1973 3430 2328 3500 Pugnaveruut
2368 3449 2483 3502 ergo
2508 3431 2841 3501 Philisthiim,
2871 3447 2916 3489 et
2943 3455 3100 3493 avsus
3141 3453 3211 3494 est
3263 3439 3446 3502 Israel,

1897 3535 1999 3574 ezc.
2034 3521 2402 3591 l’ugnaverunt
2430 3526 2716 3580 adversarii
2747 3531 3004 3594 veritatis,
3035 3531 3150 3586 sive
3179 3535 3441 3596 homines,

1896 3627 1988 3665 seu
2018 3624 2247 3667 rectores
2296 3629 2502 3680 eorum,
2549 3617 2761 3684 spiritus
2807 3619 3080 3685 immundi,
3112 3636 3292 3675 contra
3325 3640 3443 3677 cre-

1896 3703 2080 3757 dentes
2109 3705 2159 3757 in
2181 3703 2474 3770 Chrismm;
2505 3721 2534 3758 a
2564 3708 2749 3776 quibus
2780 3709 2861 3762 vel
2883 3723 3064 3776 aperte
3087 3711 3442 3775 saevientibus,

1898 3793 1979 3846 vel
2004 3796 2209 3848 occulte
2236 3796 2600 3861 suadentibus,
2630 3799 2712 3852 vel
2740 3800 2976 3867 exempla
3005 3801 3277 3868 pravitatis
3299 3803 3442 3870 inge-

1896 3886 2152 3948 rentibus,
2185 3885 2272 3940 alii
2301 3889 2385 3941 vel
2429 3889 2710 3956 negatione
2741 3890 2822 3942 vel
2856 3892 3138 3960 martyrio,
3166 3891 3310 3954 caesi,
3351 3893 3440 3946 alii

1893 3975 1958 4026 ad
1982 3975 2270 4028 deserenda
2290 3977 2568 4031 instantius
2592 3994 2699 4032 suae
2726 3979 2890 4033 ﬁrma:
2915 3981 3030 4032 lidei
3055 3990 3178 4033 sunt
3199 3980 3440 4035 taberna-

1891 4067 2002 4120 cula
2033 4067 2245 4133 repulsi.

1960 4154 2028 4208 Et
2058 4158 2193 4225 facta
2213 4164 2284 4210 est
2301 4156 2454 4226 plaga
2471 4173 2653 4228 magna
2683 4159 2847 4226 nimis,
2871 4169 2974 4213 etc.
2996 4159 3177 4236 Plures
3199 4162 3438 4217 veniente

1890 4261 2009 4300 arca
2037 4259 2192 4314 quam
2229 4258 2383 4300 antea
2434 4249 2778 4302 ceciderunt:
2812 4247 2940 4314 Quia
2960 4251 3003 4302 si
3042 4267 3141 4303 non
3179 4253 3438 4318 venissem,

1892 4339 2080 4407 inquit,
2112 4348 2160 4393 et
2189 4340 2384 4392 loeutus
2406 4341 2476 4392 eis
2501 4343 2726 4406 fuissem,
2770 4352 3026 4411 peccatum
3055 4359 3155 4396 non
3178 4344 3441 4414 haberent,

229 4430 505 4498 Scriptura
540 4429 730 4498 (Deut.
766 4432 835 4496 v)
867 4432 1103 4496 patribus
1133 4439 1215 4485 est
1244 4447 1386 4500 saepe
1418 4437 1676 4501 promissa
1707 4439 1786 4489 fu-
1823 4470 1865 4525 D
1891 4446 2025 4482 nunc
2075 4443 2238 4482 autem
2274 4435 2642 4484 excusationem
2684 4450 2780 4484 non
2810 4432 2990 4485 habent
3027 4433 3088 4484 de
3117 4445 3316 4502 peccato
3346 4453 3434 4489 suo

236 4535 358 4578 tura
379 4563 393 4587 ,
423 4524 644 4591 gratiam
673 4524 866 4591 quippe
891 4523 1088 4576 Christi
1123 4524 1174 4576 in
1206 4525 1319 4593 lege
1349 4526 1604 4591 signatam
1637 4543 1773 4596 repe

232 4614 375 4682 vire‘,
409 4629 502 4684 per
549 4629 702 4683 quem
731 4630 847 4669 eam
879 4630 1071 4682 cupere
1102 4616 1344 4681 liberari,
1378 4617 1479 4670 hoc
1505 4626 1587 4670 est
1612 4633 1787 4672 arcam

234 4706 542 4761 testamenti
589 4706 639 4758 in
685 4704 798 4758 Silo
842 4706 977 4759 intra
1005 4706 1180 4760 velum
1212 4709 1532 4761 tabernaculi
1566 4710 1786 4775 positam

235 4795 536 4859 reminisci,
566 4805 621 4850 et
650 4794 714 4848 ad
749 4800 1110 4860 promerendze
1141 4797 1327 4849 salutis
1356 4797 1607 4849 auxilium
1634 4813 1661 4850 a
1694 4812 1785 4866 po-

235 4891 362 4955 pulo
405 4887 622 4942 deferri.
671 4885 910 4939 Diximus
951 4899 1106 4952 supra
1152 4899 1254 4952 qua
1287 4887 1488 4939 ratione
1517 4887 1629 4940 Silo
1660 4888 1788 4955 legis

235 4989 418 5045 typum
451 4986 648 5050 teneat.

313 5065 448 5118 Misit
476 5083 599 5136 ergo
631 5069 850 5135 populus
877 5068 926 5119 in
959 5065 1103 5126 Silo,
1151 5074 1252 5117 etc.
1288 5064 1422 5117 Misit
1463 5065 1687 5132 populus
1725 5067 1799 5134 in.

234 5159 463 5212 futuram
493 5157 612 5210 lidei
644 5174 750 5211 suae
779 5157 1112 5212 devotionem
1141 5171 1153 5218 ;
1183 5163 1234 5208 et
1260 5157 1476 5223 gratiam
1510 5157 1596 5210 Dei
1629 5173 1786 5226 super

231 5250 414 5301 munia
446 5248 773 5313 excellentis,
802 5265 956 5317 quam
990 5248 1120 5317 legis
1151 5248 1428 5300 occasione
1458 5248 1782 5314 didicerant,

229 5341 338 5394 sibi
392 5337 702 5405 adjutricem
762 5339 1120 5392 assumebant.
1186 5337 1249 5388 Et
1306 5337 1588 5391 notandum
1644 5341 1781 5407 quod

232 5441 472 5493 tempore
523 5436 632 5478 toto
681 5429 944 5492 quaerendi
993 5439 1045 5481 et
1093 5427 1343 5480 alien-udi
1396 5429 1458 5478 ad
1507 5444 1564 5481 se
1609 5446 1782 5484 arcam

229 5525 410 5586 quieta
461 5517 619 5570 Israel
667 5525 837 5570 castra
891 5533 1166 5583 mansere;
1219 5521 1556 5587 perveniente
1607 5534 1782 5576 autem

232 5611 325 5663 illa
346 5649 360 5672 ,
393 5618 512 5660 sunt
543 5609 607 5658 ab
638 5608 788 5662 hoste
833 5609 1035 5662 turbata
1059 5648 1074 5675 ,
1105 5611 1224 5680 quia
1274 5611 1496 5677 pupulus
1525 5612 1658 5665 idem
1690 5616 1783 5665 do-

233 5702 444 5755 rniuiczc
501 5701 870 5756 lncarnatinnis
922 5702 1109 5770 tidem,
1167 5719 1325 5771 quam
1376 5714 1651 5760 venturam
1706 5707 1784 5761 in-

1890 4519 2065 4586 (Joan.
2091 4529 2202 4588 xv).
2228 4523 2512 4575 Possumus
2531 4533 2728 4587 autem,
2756 4524 2905 4591 juxta
2935 4525 3208 4594 mysticam
3233 4532 3434 4582 numeri

1888 4613 2389 4679 interpretationem,
2412 4612 2590 4667 dicere
2614 4614 2733 4682 quia
2761 4626 2983 4683 quatuor
3017 4619 3178 4670 millia
3203 4617 3432 4672 virorum

1886 4708 2010 4753 ante
2039 4699 2321 4754 adventum
2352 4715 2487 4756 arca
2515 4701 2803 4770 perdiderit
2823 4704 3009 4771 lsrael,
3039 4706 3087 4758 in
3111 4707 3188 4760 eis
3208 4709 3294 4775 qui
3315 4722 3434 4762 ante

1889 4790 2265 4844 lncarnationis
2294 4792 2573 4846 dominica:
2603 4802 2811 4862 tempus
2842 4796 3016 4848 minus
3049 4797 3282 4863 perfecte
3311 4814 3429 4855 cre-

1884 4881 2078 4944 dendo,
2126 4882 2410 4948 sperando,
2439 4883 2686 4948 amando,
2718 4895 2771 4937 et
2800 4887 3069 4952 operando
3092 4930 3111 4954 ,
3132 4889 3262 4959 legis
3286 4891 3432 4957 jussu

1885 4973 2234 5040 spernebant;
2255 4973 2408 5026 allata
2427 4984 2600 5028 autem
2625 4991 2770 5039 arca,
2793 4977 3005 5046 triginta
3023 4981 3182 5032 millia
3203 4983 3430 5049 peditum

1885 5061 2070 5128 majori
2101 5064 2244 5130 plaga
2275 5063 2632 5132 perierintqui
2676 5075 2874 5121 sancta:
2921 5068 3190 5122 Trinitatis
3238 5083 3432 5138 myste-

1885 5152 2017 5205 rium
2040 5167 2105 5206 ex
2132 5153 2436 5222 Evangelia,
2452 5169 2571 5208 cum
2599 5157 2944 5223 promissione
2961 5159 3429 5226 denariiemlestis,

1884 5244 2124 5312 accipere
2145 5247 2456 5301 renuebant.

1954 5335 2020 5388 Et
2040 5353 2160 5389 arca
2184 5337 2276 5390 Dei
2300 5351 2445 5408 rapta
2465 5350 2557 5409 est,
2579 5351 2682 5398 etc.
2715 5342 2776 5395 Et
2801 5357 3015 5410 regnum
3045 5345 3274 5400 ablatum
3293 5358 3376 5401 est
3405 5367 3430 5400 a

1882 5427 2100 5493 ludatis,
2118 5428 2404 5499 datumque
2425 5443 2504 5485 est
2522 5435 2660 5501 genti
2687 5434 2897 5489 facienti
2925 5437 3121 5490 fruetus
3141 5440 3275 5506 ejus.
3291 5441 3431 5494 Ordo

1883 5535 2088 5590 quoque
2108 5521 2408 5585 sacerdotii,
2439 5524 2528 5590 qui
2552 5539 2610 5578 se
2636 5540 2737 5579 non
2763 5539 2902 5583 recte
2922 5541 3174 5597 gesserat,
3211 5530 3430 5585 Domino

1881 5613 2167 5681 iudicante,
2201 5615 2485 5668 translatus
2511 5625 2616 5669 est.

1957 5705 2171 5760 Currens
2188 5715 2351 5761 autem
2371 5709 2442 5762 vir
2466 5709 2525 5761 de
2550 5708 2810 5775 Benjamin
2831 5726 2889 5762 ex
2907 5714 3036 5772 acie,
3064 5724 3162 5764 etc.
3196 5712 3432 5766 Currens
