3898 6260
536 357 635 411 5‘27

1038 355 1235 408 Ill-30E
1277 356 1719 411 VENEIlABllJS
1755 358 2031 413 θριξιιυιι

2167 361 2245 412 ιιε
2285 362 2344 415 ll.
2383 392 2444 403 —
2475 362 2849 417 EXECETICA
2887 363 3208 422 GENUINA.
3651 365 3741 421 53*

535 472 590 516 et
607 462 762 514 citam
788 461 968 514 salutis
981 456 1088 515 suae
1104 478 1282 515 curant
1295 479 1484 532 gerens
1500 467 1742 533 populus,
1760 467 1846 532 qui
1862 482 2055 531 perenn
2068 495 2081 503 -
2114 475 2160 526 Α
2255 473 2427 523 Senex
2453 482 2559 524 erat
2582 473 2675 535 air,
2706 482 2755 526 et
2775 476 3092 544 grlmda‘t'ln,
3118 487 3220 532 cui.
3243 479 3296 528 In
3308 487 3618 532 ναι-ηιωιιι
3638 492 3740 533 erat

540 556 676 610 tibus
695 555 763 608 ob
795 555 1066 622 perﬁdiam
1094 555 1291 610 ludatis
1317 561 1591 623 remansit,
1621 559 1841 612 audiens
1861 561 1928 612 ab
1954 575 2083 627 apo-

534 646 734 699 stolis:
767 643 1044 700 Salvnmiui
1080 661 1113 697 ι
1151 647 1470 714 gmerntione
1496 648 1594 701 ista
1627 663 1780 715 praua
1815 649 1952 716 (Act.
1999 653 2081 718 tt),

537 739 680 791 venit
699 736 763 789 ad
794 738 1111 790 erudiendos
1135 752 1228 791 eos
1249 741 1360 804 qui,
1393 739 1630 791 evacuati
1653 755 1682 790 a
1709 738 1952 804 Christo,
1983 739 2081 793 ad-

538 829 640 881 huc
669 826 721 880 itt
761 827 876 895 lege
937 827 1325 895 gloriabantur,
1379 837 1434 881 ct
1491 829 1638 897 quasi
1685 829 2078 883 tabernaculum

540 919 746 972 Domini
776 920 826 970 in
871 916 985 971 Silo
1033 917 1234 984 absque
1280 920 1578 974 testamenti
1608 934 1732 974 arca
1766 920 2078 983 servabant;

539 1020 698 1076 utque
725 1006 927 1060 facilius
952 1006 1225 1061 audientes
1251 1008 1316 1061 ad
1348 1009 1710 1076 paenitentiam
1738 1019 2078 1077 provocaret.

536 1103 704 1156 scisso
732 1115 945 1169 prorsus
968 1101 1110 1156 omni
1141 1112 1345 1156 vetusto
1373 1103 1575 1168 habitu,
1603 1114 1658 1156 et
1685 1111 1791 1156 tota
1817 1118 1924 1156 sua:
1948 1105 2079 1168 pris-

536 1207 612 1246 ca:
643 1192 824 1246 ﬁducia
852 1190 1173 1245 fortitudinis
1194 1207 1289 1254 pro
1321 1191 1482 1246 nihilo
1505 1193 1777 1260 despecta,
1810 1195 2078 1248 luctuosus

536 1281 794 1349 apparuit.
819 1280 916 1346 Qui
939 1278 1074 1334 bene
1099 1279 1167 1333 de
1185 1281 1477 1347 Beniamin,
1508 1281 1559 1335 id
1582 1289 1664 1335 est
1691 1281 1796 1335 lilio
1819 1281 2072 1347 dexterm,

532 1384 699 1437 genus
744 1369 963 1422 duxisse
991 1367 1312 1434 perhibetur,
1363 1368 1485 1437 quia
1535 1368 1782 1422 nimirum
1814 1367 2072 1434 Ecclesia,

535 1459 600 1512 ad
627 1455 1068 1525 comparationem
1115 1457 1421 1526 Synagogte.
1447 1458 1566 1526 quia
1597 1472 1827 1524 superna
1863 1458 2074 1513 Jerusa-

533 1548 655 1609 lem,
684 1545 924 1611 videlicet
953 1553 1121 1598 mater
1148 1555 1346 1611 nostra,
1379 1544 1443 1599 ad
1471 1546 1806 1599 collationem
1837 1547 2081 1613 praesen;

532 1637 618 1697 tis,
648 1636 798 1703 quasi
850 1633 1060 1687 dextera
1104 1633 1167 1685 ad
1214 1635 1402 1687 lzevatn
1448 1636 1741 1702 preminet.
1781 1633 1875 1687 Vir
1914 1634 2075 1703 igitur

531 1727 633 1780 iste
664 1725 1025 1793 Denjamineus
1063 1725 1143 1778 vel
1190 1725 1440 1794 populum
1473 1724 1724 1779 Ecclesia:
1769 1724 2067 1793 primitivae,

2188 560 2235 610 ιιι
2269 563 2520 627 temporis
2544 563 2894 616 sacerdotium
2927 565 3052 618 illud
3072 603 3086 628 ,
3119 568 3389 632 quondam
3417 567 3607 634 opima
3638 570 3737 621 sir-

2185 657 2293 700 tutc
2316 649 2608 716 glmiﬁcum
2639 658 2694 702 et
2742 651 2913 718 ipsum
2941 667 3031 719 per
3078 654 3416 706 sacerdotum
3451 656 3737 722 principes.

2181 740 2418 791 seniores
2447 740 2639 805 populi,
2679 739 2893 794 Scribas
2920 754 2970 794 et
2995 742 3313 807 Pltarisros,
3342 744 3433 811 qui
3466 745 3637 798 etiam
3666 746 3732 794 le.

2183 827 2260 891 gis
2302 825 2547 878 doctores
2574 829 2743 880 vocati
2791 839 2947 890 sunt,
2991 841 3292 896 Opportuna
3321 841 3572 899 tempore
3601 832 3731 900 plebi

2185 915 2342 968 lsrael
2369 914 2564 968 divina:
2587 916 2742 984 legis,
2765 933 2882 982 quae
2906 918 3156 987 decalogo
3176 921 3578 988 conplectitur,
3601 923 3732 988 judi-

2180 1003 2258 1055 cia
2288 1005 2612 1057 ostendebat.
2645 1003 2750 1058 Sed
2779 1014 2832 1057 et
2867 1005 3014 1071 juxta
3045 1005 3175 1074 legis
3205 1010 3560 1076 tropologiam
3583 1024 3724 1077 quis-

2178 1107 2283 1160 que
2310 1105 2548 1147 nostrum
2569 1109 2749 1148 arcam
2774 1098 3068 1150 testamenti
3095 1105 3149 1151 et
3178 1097 3229 1150 in
3257 1099 3602 1152 tabernaculo
3646 1116 3728 1155 cu-

2176 1170 2378 1236 stodire
2403 1183 2644 1248 interius,
2671 1193 2748 1249 et,
2769 1199 2889 1237 cum
2913 1197 3114 1254 tempus
3135 1188 3344 1250 exierit,
3389 1199 3576 1242 contra
3607 1189 3725 1242 Phi-

2176 1273 2392 1326 listltiim
2426 1283 2773 1340 pugnaturus,
2820 1289 3000 1328 secum
3029 1277 3186 1329 debet
3229 1277 3451 1340 ullcrre;
3485 1277 3588 1330 huc
3625 1288 3723 1340 est,

2175 1363 2338 1431 ipsam
2364 1365 2518 1417 ﬁdem
2541 1373 2593 1417 et
2612 1365 2989 1418 conscientiam
3021 1365 3225 1419 ﬁrmant
3256 1381 3468 1433 semper
3497 1379 3723 1421 αιειτηιι-

2173 1469 2276 1522 que
2296 1455 2572 1519 cohibere;
2594 1463 2667 1519 et,
2699 1469 2817 1508 cum
2844 1470 2928 1510 res
2951 1459 3268 1526 poposcerit.
3291 1468 3477 1512 contra
3503 1462 3725 1512 innuat»-

2176 1545 2296 1609 dos,
2325 1546 2406 1597 vel
2439 1544 2704 1608 homines,
2735 1543 2816 1596 vel
2848 1544 3142 1612 damones,
3175 1547 3293 1600 belli
3318 1548 3608 1613 spiritualis
3632 1550 3723 1598 ad-

2168 1630 2412 1700 iutricem
2450 1631 2684 1698 deferre,
2741 1646 2863 1699 qua
2917 1632 3106 1687 habeat
3143 1634 3273 1687 duos
3301 1634 3610 1689 sacerdOtes
3639 1650 3726 1688 cu-

2147 1723 2371 1789 ‘slodes,
2398 1723 2618 1792 gemina:
2650 1723 2891 1777 videlicet
2918 1722 3213 1778 dilectionis
3232 1726 3489 1778 sollicitos
3516 1740 3722 1778 aeneus.

530 1815 609 1868 vel
639 1815 701 1867 ad
727 1791 952 1882 aliquem
1001 1814 1138 1866 illius
1164 1791 1277 1867 :evi
1316 1813 1606 1878 doctorem,
1654 1791 1821 1868 sum
1868 1814 2072 1868 scilicet
2106 1791 2148 1850 Β
2178 1813 2352 1878 Neque
2381 1791 2520 1865 enim
2545 1811 2836 1880 quamlibet
2857 1811 3040 1874 ﬁdem,
3062 1812 3154 1866 sed
3177 1827 3293 1866 eam
3315 1828 3434 1880 quae
3471 1828 3571 1881 per
3598 1814 3723 1866 dile-

525 1905 760 1960 dextera:
791 1904 933 1969 ﬁdei,
971 1904 1053 1956 vel
1079 1914 1221 1957 certe
1271 1901 1564 1970 apostolum
1614 1902 1854 1971 Paulum,
1902 1905 1989 1974 qui
2017 1914 2071 1960 et

529 1993 796 2060 Beniamin
822 1992 890 2044 de
927 1991 1066 2044 tribu
1096 1989 1388 2054 descendit,
1416 1990 1539 2058 qui,
1588 1990 1904 2046 novissimus
1942 2007 2071 2060 apo-

532 2083 784 2136 stolorum
821 2095 940 2135 cum
961 2081 1049 2145 sit,
1081 2079 1197 2146 plus
1223 2079 1464 2134 omnibus
1488 2079 1540 2133 itt
1566 2079 1898 2147 prmdicando
1923 2081 2067 2136 Iaho-

528 2172 679 2235 ravit,
712 2170 936 2224 insinuat
965 2167 1020 2236 (Ι
1050 2169 1167 2223 Cor.
1191 2172 1303 2234 xv).

595 2259 818 2328 Cumque
836 2260 923 2313 ille
947 2259 1178 2325 venisset,
1203 2257 1323 2312 Heli
1343 2258 1541 2313 sedebat
1561 2299 1576 2323 ,
1603 2269 1706 2314 etc.
1728 2258 1860 2314 Cum
1885 2261 2071 2317 doctor

528 2347 656 2402 Novi
687 2347 1030 2412 Testamenti,
1057 2347 1222 2401 scisso
1243 2348 1432 2400 littera:
1455 2347 1782 2413 indumento,
1802 2353 2070 2419 apparuis-

522 2448 603 2490 set
625 2437 674 2490 in
704 2437 903 2501 ludata,
930 2437 1280 2492 sacerdotium
1312 2446 1460 2490 vetus
1489 2437 1684 2502 adhuc,
1709 2443 1950 2506 quamvis
1982 2441 2066 2494 lu-

530 2529 668 2580 mine
719 2515 934 2591 amisso,
985 2527 1205 2581 sedebat
1233 2540 1395 2592 super
1421 2525 1723 2579 cathedram
1752 2526 1948 2598 Moysi;
1976 2529 2067 2584 sed

533 2624 716 2668 contra
743 2612 1030 2680 Christum,
1047 2612 1135 2683 qui
1154 2623 1236 2668 est
1262 2614 1363 2680 via,
1385 2613 1584 2667 veritas
1605 2625 1658 2668 et
1679 2616 1802 2670 vita.
1829 2616 2071 2673 Timebat

528 2708 693 2771 enim,
723 2705 862 2774 quod
890 2709 1084 2772 evenit,
1118 2721 1184 2762 ne
1205 2705 1341 2760 forte
1363 2718 1423 2759 se
1451 2705 1753 2774 reprobato,
1783 2706 1979 2764 Christi
2001 2711 2067 2764 ad

523 2807 706 2862 gentes
725 2796 895 2864 gratia
917 2795 1178 2849 transire‘t.

609 2883 698 2936 Vir
728 2893 897 2938 autem
946 2884 1050 2953 ille,
1093 2895 1356 2956 postquam
1399 2891 1645 2960 ingressus
1675 2898 1776 2952 est,
1825 2882 2070 2944 nuntiavit

526 2974 638 3026 urbi
663 3013 679 3037 ,
704 2985 807 3028 etc.
833 2974 1224 3044 Evangelizavit
1252 2977 1459 3046 doctor,
1489 2991 1540 3034 et
1569 2982 1807 3048 ptenituit
1835 2982 2063 3038 auditor.

529 3062 719 3116 Audito
740 3064 936 3131 quippe
957 3063 1176 3128 scelere,
1204 3067 1342 3133 quod
1366 3069 1417 3119 in
1445 3067 1738 3122 Salvatoris
1764 3084 1892 3122 nece
1917 3085 2063 3123 com-

529 3158 799 3220 miserant,
816 3156 1116 3224 catnpuncti
1138 3169 1259 3210 sunt
1277 3157 1436 3211 corde
1453 3156 1642 3224 Judei,
1665 3168 1718 3211 et
1737 3159 1980 3211 dixerunt
1998 3161 2064 3214 ad

533 3252 740 3305 Petrum
770 3260 824 3304 ct
872 3239 936 3302 atl
987 3250 1219 3320 reliquos
1269 3251 1746 3320 apostoloszﬂuid
1801 3251 2061 3319 faciemus,

527 3346 618 3394 uiri
640 3343 816 3410 fratres
842 3341 972 3406 (Act.
1003 3342 1085 3408 ll).

604 3431 665 3482 Et
686 3431 868 3481 audiuit
899 3427 1018 3480 Heli
1046 3429 1265 3480 sonitum
1312 3429 1572 3494 clamoris,
1609 3438 1711 3482 etc.
1736 3427 1802 3481 Et
1831 3429 1896 3482 ad
1925 3430 2065 3497 ipsas

519 3533 690 3584 usque
719 3517 1005 3583 principum
1029 3517 1357 3569 sacerdotum
1377 3531 1550 3580 aures.
1576 3519 1871 3586 paenitentis
1892 3520 1954 3573 ad
1974 3537 2065 3574 ex-

531 3607 878 3660 hortationem
919 3605 1272 3671 apostolorntn
1305 3605 1476 3672 populi
1508 3607 1640 3659 fama
1683 3610 1935 3674 pervnnit,
1968 3624 2064 3662 nec

527 3699 748 3750 libenter
773 3706 983 3764 accepta
1013 3705 1112 3750 est.
1141 3695 1370 3763 Denique
1399 3695 1728 3763 loquentibus
1751 3698 1853 3749 illis
1880 3698 1942 3749 ad
1975 3713 2064 3764 ρος

525 3786 745 3853 pulum,
794 3794 1209 3852 supervenerunt
1256 3784 1579 3850 sacerdotes,
1630 3794 1680 3836 et
1735 3785 2064 3851 magistratus

521 3875 724 3943 templi.
739 3884 791 3928 et
805 3874 1092 3938 Sadducaei,
1107 3875 1344 3928 dolentes
1364 3875 1499 3940 quod
1526 3877 1774 3928 docerent
1795 3874 2060 3942 pupulum,

519 3978 577 4021 et
613 3965 980 4042 annnntiareut
1043 3965 1094 4019 in
1155 3964 1277 4018 .lesn
1317 3963 1754 4020 resurrectionem
1797 3980 1864 4019 ex
1923 3980 2059 4017 mor.

527 4062 652 4111 tuis.
681 4055 785 4110 Nec
814 4056 1128 4110 distulerunt
1155 4055 1397 4123 apostoli,
1420 4056 1542 4124 quin
1565 4064 1615 4109 ct
1645 4055 1772 4124 ipsis
1801 4055 2062 4123 evangeli-

519 4155 717 4198 zarent.

593 4233 714 4286 Heli
731 4243 891 4284 autem
908 4241 1013 4284 erat
1030 4233 1307 4300 nonaginta
1327 4240 1436 4284 octo
1458 4247 1727 4294 annorum,
1751 4240 1855 4284 etc.
1881 4231 2064 4284 Sacer-

521 4324 719 4376 dotium
747 4322 914 4390 legale
944 4330 1067 4373 tunc
1095 4321 1344 4387 temporis
1365 4319 1471 4371 duo
1493 4319 1558 4372 de
1582 4317 1922 4384 perfectione,
1945 4332 2063 4384 quas

2172 1901 2400 1955 ctionem
2420 1911 2689 1970 operatur,
2715 1901 3002 1968 Apostolus
3024 1901 3178 1955 laude
3198 1901 3410 1970 dignam
3435 1902 3587 1956 ducit
3610 1900 3724 1966 (Ca-

2171 1993 2262 2046 lat.
2291 1993 2368 2062 v).
2416 1994 2479 2045 Et
2507 1993 2552 2046 si
2584 1993 2737 2047 nobis
2770 1993 2904 2047 forte
2935 1993 3282 2062 pugnantibus
3329 1993 3591 2047 immundi
3619 1995 3722 2059 spi-

2172 2077 2302 2133 ritus
2328 2089 2417 2133 aut
2444 2080 2675 2134 haeretici
2702 2081 2822 2135 ﬁdei
2849 2095 3026 2134 arcam
3054 2081 3362 2149 eripuerint,
3387 2096 3451 2135 ac
3475 2082 3722 2136 sacerdo-

2068 2201 2077 2205 -
2171 2171 2300 2224 tales
2323 2171 2539 2239 piosque
2565 2186 2754 2226 sensus
2777 2174 3106 2238 necaverint,
3135 2186 3356 2226 necesse
3382 2180 3468 2224 est
3499 2185 3626 2224 mox
3646 2172 3720 2224 vir

2171 2257 2563 2328 Benjamineus,
2593 2261 2836 2314 luctuoso
2853 2261 3075 2329 insignis
3096 2261 3298 2323 habitu,
3319 2261 3367 2313 id
3387 2268 3491 2323 est,
3515 2261 3719 2312 animus

2168 2359 2262 2413 spe
2286 2362 2531 2413 superna:
2585 2349 2796 2416 pietatis
2840 2357 3073 2412 erectus,
3115 2348 3418 2416 supplexet
3465 2348 3718 2416 pumileas

2169 2435 2438 2503 adveniat,
2481 2437 2755 2506 nostrique
2783 2438 2936 2491 nobis
2964 2447 3139 2492 reatus
3161 2437 3229 2490 ad
3272 2447 3507 2490 mentem
3551 2450 3715 2491 emta

2170 2525 2405 2589 reducat,
2446 2536 2500 2579 et
2542 2535 2703 2580 totum
2731 2527 2895 2581 nostri
2923 2528 3148 2582 rectoris
3175 2527 3358 2581 urbem
3401 2527 3469 2580 ad
3521 2529 3712 2580 luctum

2170 2613 2535 2686 lacryntasqne
2563 2627 2834 2687 provocet,
2861 2619 3031 2675 donec
3062 2618 3169 2674 Deo
3197 2619 3510 2685 miserante,
3541 2621 3716 2674 redeat

2166 2718 2287 2759 arca
2317 2720 2433 2774 qua:
2480 2719 2630 2776 capta
2661 2717 2764 2775 est,
2792 2710 3082 2780 meliorque
3119 2709 3173 2763 in
3223 2709 3342 2764 loco
3391 2711 3712 2778 perditorum

2166 2798 2434 2860 sacerdos,
2463 2799 2514 2852 id
2545 2807 2626 2854 est
2645 2840 2660 2864 ,
2691 2801 3016 2870 castigatior,
3043 2811 3160 2867 post
3188 2799 3514 2867 paenitentiae
3561 2799 3713 2852 sude-

2170 2901 2278 2952 res.
2307 2886 2458 2942 nobis
2509 2902 2698 2942 sensus
2726 2888 3032 2957 cautiorque
3059 2887 3308 2942 donetur.
3363 2886 3474 2941 Nec
3493 2897 3711 2964 tempus

2166 2987 2368 3046 septem
2397 2977 2677 3044 mensium,
2704 2993 2809 3043 quo
2833 2992 3008 3032 arcam
3055 2987 3272 3032 tenuere
3317 2976 3657 3046 Philisthiin,
3683 2993 3710 3028 a

2170 3065 2508 3134 signiﬁcanda
2557 3064 2878 3134 paenitentia:
2934 3063 3100 3118 forma
3147 3064 3435 3132 discrepat.
3489 3064 3620 3117 Nam
3663 3075 3712 3117 et

2170 3157 2398 3227 Spiritus
2425 3158 2590 3213 sancti
2618 3158 2806 3228 gratia,
2835 3171 2952 3228 qua:
2976 3155 3297 3226 septiformis
3319 3155 3568 3222 traditur,
3598 3171 3707 3226 pte-

2164 3249 2439 3304 nitentiam
2473 3248 2820 3302 admissurum
2849 3247 3133 3317 gerendam
3184 3261 3245 3301 ac
3268 3238 3476 3300 veniam
3505 3255 3708 3300 consul

2163 3352 2283 3392 esse
2311 3337 2712 3392 nanciscendam
2737 3356 2752 3403 ;
2783 3348 2836 3391 et
2861 3338 3100 3392 eamdem
3129 3338 3334 3392 veniam
3361 3348 3566 3407 septem
3603 3354 3705 3390 mo-

2163 3427 2244 3480 dis
2265 3426 2661 3494 impetrandam.
2686 3426 2895 3480 Patrum
2916 3427 3174 3482 sententia
3192 3426 3449 3480 declarat.
3477 3427 3704 3496 Denique

2164 3515 2491 3585 expositores
2533 3515 2800 3578 Psalterii.
2856 3525 3056 3583 septem
3112 3516 3443 3585 pta-nitentia;
3484 3517 3706 3584 psalmos

2165 3609 2373 3658 tradunt
2401 3645 2414 3669 ,
2445 3605 2635 3672 quibus
2660 3605 2724 3661 ad
2751 3604 3098 3659 obtinendam
3118 3607 3483 3661 remissionem
3525 3622 3705 3674 pecca-

2165 3704 2333 3748 torum
2383 3709 2612 3761 superne
2639 3694 2708 3747 sit
2758 3695 2924 3760 pietas
2970 3694 3321 3761 imploranda.
3364 3695 3553 3750 Verum
3589 3705 3745 3748 sunt'

2164 3785 2251 3849 qui
2276 3783 2610 3845 memoriam,
2642 3774 2984 3851 agnitionem,
3026 3783 3376 3852 doloremque
3410 3786 3700 3852 culparim.

2166 3888 2267 3924 non
2299 3872 2363 3924 ad
2393 3874 2686 3926 remedium
2739 3873 3105 3941 ﬂagitandum,
3143 3875 3238 3929 sed
3268 3876 3436 3929 instar
3463 3877 3614 3930 .ludm
3639 3877 3698 3928 ad

2167 3960 2398 4027 priorum
2429 3962 2688 4015 scelerum
2713 3972 3051 4029 augmentum
3080 3973 3417 4018 convertunt.
3448 3965 3541 4032 Qui
3567 3981 3698 4034 quo-

2165 4050 2306 4102 niam
2335 4048 2616 4104 inveterati
2647 4051 2783 4104 inter
2824 4065 3008 4105 omnes
3049 4050 3293 4106 inimicos
3321 4067 3464 4118 suos,
3500 4055 3702 4108 turbato

2164 4155 2272 4207 pra:
2300 4141 2373 4194 ira
2399 4139 2489 4194 Dei
2516 4141 2706 4194 mentis
2734 4141 2905 4206 oculo,
2938 4142 3114 4195 lumen
3137 4156 3348 4210 quoque
3379 4144 3499 4198 ﬁdei
3525 4145 3694 4212 perdi-

2164 4230 2312 4293 detc,
2338 4230 2518 4284 sedem
2541 4242 2760 4294 repente
2783 4229 3074 4298 iudiciaria
3093 4232 3428 4286 discretionis
3455 4243 3590 4288 retro
3619 4248 3698 4288 rev

2163 4319 2344 4383 dituri,
2366 4328 2423 4374 et
2449 4335 2569 4373 mos
2597 4321 3204 4387 perituriprelinqunnt;
3255 4331 3308 4378 et
3339 4323 3578 4394 quamvis
3602 4313 3695 4377 ali-

518 4416 583 4469 ad
611 4416 767 4468 vitam
797 4413 1038 4475 duceret,
1086 4410 1256 4463 minus
1286 4407 1565 4470 habuerat,
1599 4406 1751 4462 ﬁdem
1779 4406 1980 4461 scilicet
2008 4415 2058 4457 et
2091 4437 2142 4502 Β
2164 4408 2391 4477 quandiu
2418 4407 2646 4463 discreta
2678 4409 2896 4472 vixisse,
2924 4422 2981 4463 et
3000 4410 3134 4464 bene
3155 4413 3364 4480 seipsos
3385 4413 3534 4482 juxta
3572 4412 3696 4482 legis

518 4520 699 4572 opera.
735 4503 962 4570 Ideoque
992 4499 1156 4564 oculi,
1194 4499 1244 4553 id
1274 4507 1357 4552 est
1388 4512 1679 4566 prrecones.
1708 4499 1848 4551 illius
1873 4498 2060 4565 caliga-

521 4603 703 4646 verant
732 4607 908 4654 sensu,
929 4599 984 4645 et
1009 4587 1278 4644 Christum
1313 4590 1383 4650 in,
1405 4589 1520 4656 lege
1559 4589 1742 4642 videre
1771 4603 1875 4641 non
1917 4595 2063 4655 pote-

520 4693 653 4736 rant.
685 4683 934 4737 Velamen
957 4695 1179 4746 namque
1215 4692 1321 4734 erat
1353 4694 1515 4748 super
1536 4693 1630 4732 cur
1678 4692 1861 4732 eorum
1881 4717 1896 4743 ,
1926 4678 2061 4747 quod

521 4775 571 4825 itt
611 4771 819 4823 Christo
836 4779 1141 4824 evacuatur.

586 4858 654 4916 Et
676 4877 792 4912 arca
811 4860 898 4913 Dei
918 4869 1066 4929 capta
1083 4869 1176 4923 est,
1191 4871 1295 4915 etc.
1321 4859 1382 4912 Et
1397 4867 1666 4914 crescente
1685 4859 1839 4927 longe
1858 4859 2065 4925 lateque

499 4951 871 5019 apostolorum
912 4949 1173 5015 prreconio
1211 4963 1270 4999 ac
1306 4948 1406 4999 ﬁde
1459 4945 1768 5017 populorum
1809 4945 2065 5022 poeniten-

517 5045 672 5104 tium,
700 5041 866 5105 gratia
891 5037 981 5092 Dei
1030 5036 1224 5090 ludatis
1249 5047 1425 5104 erepta
1455 5047 1571 5101 est,
1608 5035 2065 5103 sacerdotiumque

518 5128 648 5183 illud
681 5129 924 5197 legalium
955 5128 1042 5182 diu
1078 5125 1392 5196 iudiciorum
1441 5127 1575 5181 solio
1611 5126 1915 5195 gloriosum,
1943 5126 2063 5194 quia

521 5231 805 5273 retrorsum
829 5218 1039 5281 cadere,
1060 5219 1108 5269 id
1140 5223 1243 5278 est,
1275 5225 1392 5280 post
1413 5230 1471 5270 se
1497 5216 1716 5284 reverti,
1745 5225 1800 5271 et
1828 5223 2062 5283 peccata,

515 5325 630 5374 quae
647 5309 768 5360 olim
790 5308 1022 5375 reliquit,
1054 5316 1295 5374 repetere
1319 5320 1420 5358 non
1453 5305 1650 5369 timuit;
1681 5307 1848 5359 fracto
1877 5317 2063 5372 super-

515 5399 612 5452 bia:
633 5400 910 5468 singularis
931 5398 1135 5452 cervice
1157 5397 1331 5464 periit,
1356 5407 1407 5450 et
1425 5396 1680 5464 hocjuxta
1704 5397 1895 5450 ostium
1915 5395 2062 5461 illud,

517 5485 758 5537 videlicet
783 5489 918 5552 quod
941 5489 1011 5540 ait
1043 5503 1055 5537 :
1085 5484 1183 5537 Per
1200 5502 1275 5537 me
1296 5489 1336 5537 si
1355 5488 1464 5553 quis
1489 5487 1756 5552 introierit,
1789 5487 2065 5539 salvabitur

516 5570 694 5638 (Joan.
728 5573 807 5639 x):
832 5576 913 5625 cui
943 5577 1227 5641 ﬁgurarum
1255 5578 1500 5641 mysterio
1525 5578 1672 5644 juxta
1697 5580 1933 5642 sedebat,
1968 5581 2060 5632 sed

519 5666 689 5729 ipsum
725 5661 950 5726 perﬁdiae
975 5663 1162 5714 merito
1189 5677 1290 5716 non
1319 5663 1562 5717 intrabat.

2163 4508 2210 4553 et
2263 4499 2530 4569 Evangelii
2579 4510 2836 4568 praecepta
2862 4499 3092 4568 gessisse
3136 4502 3246 4557 visi.
3283 4497 3408 4558 sunt
3455 4505 3575 4575 (hoc
3621 4515 3696 4557 est

2166 4588 2309 4643 enim
2341 4589 2684 4658 quadraginta
2733 4589 2885 4643 annis
2918 4588 3076 4643 Israel
3119 4589 3402 4660 judicare),
3433 4593 3694 4662 ingruente

2164 4689 2336 4734 tamen
2400 4681 2624 4732 articulo
2679 4680 3024 4748 tentationis,
3093 4683 3286 4735 misera
3350 4693 3522 4738 morte
3578 4697 3692 4750 elsc-

2161 4770 2430 4825 Cutnbnnt.
3385 4753 3392 4756 δ

2233 4857 2409 4911 Nurus
2435 4869 2600 4912 autem
2639 4862 2770 4930 ejus.
2815 4875 2944 4914 uxor
2993 4859 3231 4926 Phineas,
3278 4875 3549 4928 pregnans
3578 4871 3689 4918 erat.

2162 4960 2267 5004 etc.
2308 4950 2582 5019 Synagoga
2615 4949 2704 5003 lilii
2757 4949 3038 5004 sacerdotii
3098 4948 3280 5020 legalis
3332 4949 3607 5004 commissa
3631 4951 3688 5002 ad

2113 5077 2120 5080 ς
2162 5043 2469 5110 regendum,
2501 5054 2682 5093 semen
2712 5040 2923 5107 quidem
2947 5038 3093 5092 verbi
3144 5050 3174 5090 a
3222 5037 3531 5093 doctoribus
3555 5053 3690 5093 acce-

2163 5141 2330 5198 perat,
2361 5139 2414 5186 et
2447 5130 2618 5183 vicina
2640 5139 2756 5184 erat
2799 5143 2916 5197 qua:
2965 5127 3187 5182 Domino
3236 5129 3554 5197 pradicaute
3593 5134 3688 5185 tra-

2164 5229 2306 5274 ctum
2336 5220 2482 5285 ﬁdei,
2509 5235 2667 5289 quem
2690 5219 2776 5272 diu
2802 5218 3096 5288 qnaérebat,
3126 5220 3475 5288 progigneret.
3510 5219 3687 5273 Verum

2164 5307 2277 5375 ipsa
2301 5323 2507 5378 quoque
2530 5317 2645 5376 post
2674 5307 2876 5361 ruinam
2908 5307 3279 5375 magistrorum
3310 5308 3599 5363 incurvavit
3633 5322 3685 5360 se

2163 5413 2189 5451 a
2215 5399 2530 5452 rectitudine
2562 5399 2765 5451 vivendi
2791 5435 2808 5460 ,
2841 5406 2894 5450 et
2923 5398 3098 5465 populi
3127 5397 3337 5466 quidem
3365 5400 3570 5453 turbant
3593 5413 3686 5450 eun

2164 5490 2472 5552 minimam,
2518 5487 2609 5541 sed
2640 5487 2776 5555 ipsa,
2817 5488 2938 5553 quia
2990 5488 3112 5540 vitai
3160 5491 3441 5543 Auctorem
3491 5487 3686 5550 occidit,

2163 5589 2330 5632 morte
2362 5577 2663 5632 mulctanda
2693 5578 2913 5644 peperit.
2986 5566 2996 5575 ’

2236 5667 2300 5720 Et
2330 5667 2519 5720 vocabit
2550 5682 2759 5735 puerum
2790 5665 3030 5730 Ichabad,
3060 5657 3166 5722 etc.
3198 5666 3424 5722 Ichabod
3447 5665 3690 5738 interpre-
