3898 6260
200 402 312 459 Ξῖὲὶϐ
736 404 800 458 ΙΝ
839 403 1210 459 δλωυειωι
1253 403 1661 459 ΡΠΟΡΙΙΕΤΑΜ
1701 401 2132 459 ΑιιεςοκιοΑ
2170 403 2546 461 εχροειτιο.
2572 435 2642 446 -
2678 403 2808 461 LIB.
2845 404 2886 458 1.
3305 403 3406 458 531)

199 524 371 577 tatur,
403 512 492 566 Vae
511 513 721 582 glorias,
747 515 830 568 vel
891 514 1096 567 Decidit
1116 514 1306 582 gloria,
1328 513 1464 581 quod
1489 513 1758 580 aptissime
1791 516 1834 572 Α
1860 515 2113 580 suscepit,
2146 515 2213 568 ab
2238 530 2420 570 errore
2447 530 2557 569 sua:
2586 515 2816 583 perﬁdiae
2849 517 2899 568 in
2951 515 3128 567 nnindi
3173 526 3253 568 cst
3301 517 3402 568 uno.

202 619 401 660 nomen
433 604 590 674 hujus
631 604 889 673 temporis
915 603 1114 658 iudicis
1141 619 1437 673 congruere
1465 618 1620 659 nemo
1647 604 1756 659 lere
1855 603 2174 667 salvaturus,
2199 614 2338 672 patet
2355 605 2588 673 profecto
2603 605 2728 674 quid
2753 605 3008 673 signiticet
3049 604 3263 668 Tobias,
3285 620 3402 660 cum

207 703 293 747 est
317 692 408 762 qui
435 693 687 763 ambiget.
717 693 994 749 Translata
1042 701 1126 748 est
1151 702 1328 748 autem
1355 694 1519 762 gloria
1550 693 1669 749 tidei
1693 693 1759 747 de

207 784 368 838 israel
395 783 462 836 ad
490 792 696 852 gentes,
737 782 806 837 de
832 783 1110 853 Synagoga
1141 785 1207 838 ad
1234 783 1554 848 Ecclesiam;
1583 783 1676 837 sed
1707 785 1757 836 in

205 873 315 928 line
364 870 548 926 mundi
571 881 871 926 revertetur
889 873 954 926 ad
987 868 1270 928 Israel.'De
1299 875 1555 928 translata
1577 874 1644 928 ad
1664 888 1760 928 nos

203 958 561 1026 gaudeamus;
607 959 676 1014 de
729 959 1092 1016 transierenda
1121 975 1151 1014 a
1173 961 1327 1016 nobis
1369 964 1612 1030 patriam,
1641 975 1761 1031 qua:

208 1051 263 1103 in
292 1051 524 1119 plaustro
550 1064 701 1104 nova
749 1052 1170 1107 conversationis
1221 1052 1553 1116 reducenda,
1580 1052 1764 1106 timea-

833 1226 1058 1285 CAPUT
1100 1231 1168 1287 Χ.

210 1337 524 1412 molientibus
567 1342 870 1412 inirentplttm
901 1342 1077 1412 Dagon
1105 1358 1277 1395 aream
1316 1342 1406 1394 Dei
1436 1342 1762 1403 Philistlicia.

283 1411 444 1474 primo
461 1413 568 1481 ipse
598 1411 798 1481 Dagon,
827 1411 1008 1464 deinde
1025 1412 1178 1464 etiam
1205 1413 1423 1478 papulas
1444 1429 1504 1465 ac
1523 1422 1656 1466 terra
1675 1412 1760 1464 di-

280 1494 382 1549 gna
425 1480 612 1552 stitione
660 1480 954 1550 pingantur,
1009 1491 1272 1552 monetque
1315 1482 1455 1550 apud

283 1546 530 1602 mensibus
557 1546 767 1614 septem:
1065 1546 1072 1556 ’

1518 1497 1604 1534 €08
1647 1496 1766 1534 στω

283 1680 326 1749 (I
347 1677 478 1748 Reg.
508 1679 584 1748 v.)
610 1677 918 1733 Philistltiins
954 1688 1120 1732 autem
1171 1679 1392 1732 tulerant
1433 1692 1606 1732 arcam
1651 1677 1768 1744 Dei,

211 1779 316 1822 etc.
348 1768 472 1823 Haec
517 1768 677 1823 lectio
703 1769 932 1840 mystice
976 1768 1300 1838 suscipiente
1329 1768 1446 1822 ﬁdei
1469 1778 1764 1824 testamen-

1859 707 1955 762 per
1981 693 2246 750 interanea
2279 696 2501 749 conscisi
2530 696 2708 763 piscis,
2741 703 2793 749 et
2819 693 3097 764 coniugem
3147 711 3175 747 a
3203 694 3402 748 daemo-

1861 783 1967 850 nio,
2000 794 2055 838 et
2078 798 2106 837 a
2137 787 2382 841 excitate
2408 786 2596 840 liberat
2625 795 2918 854 parentem.

1928 872 2151 943 Cumque
2194 878 2528 930 surrexissent
2555 877 2780 930 diluculo
2806 877 2954 930 Λιοιί
2981 878 3143 930 altera
3170 877 3272 939 die,
3303 884 3404 929 etc.

1860 961 2282 1019 Clarescentibus
2295 980 2388 1034 per
2405 965 2528 1021 fidei
2547 981 2816 1035 praecones
2829 966 3195 1020 miraculorum
3216 967 3401 1034 signis,

1861 1053 2057 1107 decidit
2079 1054 2393 1108 idololatriae
2415 1055 2607 1120 cultus,
2636 1056 2688 1108 in
2712 1058 2792 1110 eis
2812 1057 2898 1123 qui
2926 1056 2988 1108 ad
3012 1055 3280 1109 Christum
3308 1069 3401 1121 po-

1865 1153 2013 1198 tuere
2036 1144 2304 1209 converti;
2327 1145 2418 1199 sed
2450 1145 2686 1208 proditus
2709 1147 2832 1200 licet
2851 1155 2898 1198 et
2933 1145 3189 1204 detectus.
3214 1144 3298 1212 qui
3325 1159 3414 1194 va-

1864 1236 2002 1289 nitas
2027 1245 2126 1299 est,
2158 1245 2498 1304 recuperatos
2517 1243 2601 1290 est
2629 1236 2680 1289 in
2705 1236 2781 1290 cis
2805 1236 2897 1304 qui
2927 1244 3105 1289 contra
3135 1235 3407 1288 veritatem

1862 1338 2010 1378 arma
2041 1339 2254 1379 movere
2276 1322 2525 1394 perfidiae.
2617 1398 2622 1402 l
2976 1379 2981 1384 .
3087 1373 3089 1375 .

1937 1414 2252 1485 Rursumque
2273 1433 2417 1481 mane
2437 1417 2519 1470 die
2546 1417 2648 1470 alio
2684 1417 3063 1487 consurgentes,
3115 1425 3218 1472 etc.
3257 1415 3412 1469 Cres-

1865 1513 2020 1559 cente
2039 1505 2292 1573 paulatim
2315 1505 2581 1573 signorum
2609 1506 2912 1560 cmlestium
2941 1506 3158 1570 lumine,
3197 1507 3410 1560 idolola-

1867 1593 1978 1648 tria:
2005 1594 2220 1648 confusa
2252 1596 2385 1648 facie
2408 1611 2584 1649 coram
2622 1595 2865 1650 ﬁdelibus
2910 1592 3105 1651 Christi
3149 1604 3410 1651 terrenum

1869 1698 1962 1752 per
1987 1684 2162 1737 omnia
2218 1687 2577 1754 caducumque
2605 1684 2854 1755 quidquid
2884 1695 3101 1741 eatenus
3147 1702 3303 1755 egere
3331 1688 3413 1740 vel

1867 1775 2137 1831 credidere
2164 1776 2391 1829 confessi
2413 1783 2554 1829 sunt.

213 1869 233 1911 t
258 1872 323 1910 .tn
356 1857 630 1924 prmputio,
659 1857 937 1912 simulacra
964 1859 1132 1926 primo
1153 1859 1495 1924 humilianda,
1521 1873 1620 1912 nec
1642 1873 1756 1913 mo-
1789 1841 1838 1901 Β
1934 1863 2094 1932 Caput
2122 1873 2287 1918 autent
2317 1863 2490 1930 Dagon
2509 1873 2557 1917 et
2579 1864 2694 1919 duc
2707 1867 3141 1933 pulmentarium
3158 1870 3290 1936 ejus.
3308 1873 3412 1920 etc.

211 1962 274 2000 ra
301 1944 535 2000 funditus
557 1947 878 2013 evertenda,
908 1962 999 2003 eos
1029 1963 1237 2018 quoque
1265 1948 1353 2016 qui
1392 1957 1509 2016 post
1536 1948 1764 2018 agnitam

217 2036 373 2090 tidem
400 2046 545 2092 retro
572 2046 955 2093 convertuntur
999 2037 1154 2108 digna
1185 2039 1388 2092 ultione
1434 2037 1762 2105 plectendos,

211 2127 464 2185 insinuat.

286 2237 602 2292 Philisthiim
625 2251 790 2293 autem
820 2240 1041 2300 tulerunt
1079 2256 1252 2293 arcam
1282 2239 1396 2306 Dei,
1428 2249 1530 2295 ctc.
1565 2240 1761 2296 Gentes

231 2339 577 2396 susceperunt
597 2330 814 2383 verbum
843 2329 1106 2397 Evangelii
1127 2329 1375 2393 aludaaa,
1407 2329 1494 2384 ubi
1521 2331 1767 2385 Dominus

215 2421 561 2488 corporaliter
591 2428 764 2484 natus,
808 2429 1174 2482 conversatus,
1204 2429 1257 2474 et
1284 2433 1490 2488 passus,
1515 2419 1631 2474 loca
1661 2419 1767 2474 dis-

219 2512 539 2568 pensationis
555 2524 667 2564 sua:
688 2511 955 2580 mysteriis
977 2525 1146 2578 usque
1173 2509 1331 2564 hodie
1356 2524 1502 2565 sacra
1535 2511 1765 2580 reliquit.

228 2601 296 2656 Et
317 2612 722 2668 asportaverunt
755 2602 881 2655 illud
910 2602 1060 2655 fama
1092 2603 1230 2657 felici
1271 2603 1323 2656 in
1355 2611 1564 2655 exteras
1593 2608 1762 2671 usque

219 2689 400 2744 mundi
451 2692 776 2768 provincias,
830 2706 946 2759 qum
1002 2691 1256 2746 hactenus
1284 2693 1532 2747 vitiorum
1559 2693 1766 2746 ﬂairima

220 2777 511 2844 ferventes,
541 2783 715 2833 carnis
742 2780 1084 2834 solvebantur
1111 2782 1398 2836 illecebris.
1458 2782 1606 2836 Unde
1637 2782 1769 2836 bene
1805 2795 1808 2798 '

219 2875 450 2934 Aaotus,
475 2884 592 2938 qua:
621 2869 876 2923 chraicc
916 2868 1088 2923 Erdod
1117 2880 1354 2937 vocatur,
1399 2872 1546 2938 juxta
1593 2872 1768 2937 pristi-

219 2973 342 3011 num
374 2972 584 3020 nomen,
617 2958 1015 3013 dissolutionem
1053 2960 1136 3014 vel
1175 2959 1510 3034 cﬂusipnem,
1546 2961 1658 3015 sive
1682 2961 1765 3015 in-

213 3049 457 3105 ccndium
479 3049 754 3118 significat.

289 3137 356 3190 Et
394 3139 669 3193 intulerunt
697 3156 804 3191 rant
834 3139 888 3192 in
917 3141 1153 3210 templum
1197 3140 1398 3211 Dagon.
1449 3142 1516 3196 Et
1559 3142 1755 3198 intule-

223 3237 346 3280 runt
376 3227 536 3280 tidem
563 3229 916 3294 inmundum,
945 3232 1032 3298 qui
1058 3230 1107 3283 in
1139 3232 1370 3302 maligno
1398 3234 1600 3299 positus
1628 3243 1762 3298 erat,

221 3324 278 3370 et
305 3316 370 3384 de
397 3331 500 3384 quo
532 3316 783 3375 Dominus
818 3318 893 3370 ait
918 3335 936 3370 :
966 3317 1095 3371 Cum
1123 3318 1269 3387 fortis
1299 3331 1525 3373 armatus
1551 3321 1766 3374 custodit

212 3391 399 3458 atrium
434 3421 602 3467 suum,
623 3407 672 3459 in
698 3422 822 3475 pace
843 3417 958 3461 sunt
988 3409 1154 3461 omnia
1178 3427 1291 3475 qutc
1316 3412 1576 3478 possidet;
1603 3413 1648 3466 si
1671 3430 1765 3466 au-

212 3504 314 3548 tem
332 3496 514 3564 fortior
536 3497 626 3549 illo
653 3498 1000 3566 superveniens
1019 3499 1188 3552 vicerit
1214 3517 1347 3567 eum,
1371 3503 1603 3556 uniuersa
1623 3521 1764 3560 arma

210 3586 326 3656 ejus
347 3584 557 3653 auferet,
578 3587 634 3639 in
656 3589 837 3655 quibus
863 3588 1160 3655 conﬁdebat,
1192 3593 1426 3658 etspolia
1453 3595 1563 3660 eius
1591 3594 1761 3647 distri-

211 3677 328 3730 ὁποι
350 3675 414 3746 (ιλ
435 3675 588 3729 locis.
617 3693 683 3740 v;
712 3678 836 3731 Luc.
869 3678 971 3747 ιι).
1005 3679 1180 3733 Fortis
1196 3691 1310 3734 erat
1353 3681 1549 3751 Dagon,
1591 3699 1761 3750 quan-

212 3767 286 3839 do
320 3765 474 3837 stulta
504 3766 813 3834 gentili=aiis
842 3782 984 3820 arma
1013 3783 1111 3821 suo
1141 3771 1473 3823 custodiebat
1505 3771 1556 3824 in
1601 3777 1756 3828 atrio.

215 3853 423 3909 Fortior
447 3864 530 3906 est
557 3868 680 3908 arca
711 3855 852 3920 lidei,
881 3871 995 3924 quae
1026 3857 1144 3912 huic
1167 3859 1350 3913 victrix
1374 3862 1538 3928 spolia
1573 3861 1762 3930 impie-

213 3944 340 3997 tatis
365 3945 579 4011 eripuit,
604 3953 655 3999 et
685 3947 798 4000 haec
826 3946 1035 4014 pietatis
1062 3964 1204 4011 aetna
1231 3961 1285 4005 et
1311 3953 1476 4020 spolia
1509 3952 1654 4007 fecit.

292 4034 361 4087 Et
383 4032 664 4089 statuerunt
692 4053 800 4089 eam
827 4039 985 4108 juxta
1016 4039 1214 4112 Dagon.
1249 4043 1312 4096 Et
1357 4048 1645 4098 erexerunt"
1675 4059 1764 4099 ec-

207 4123 400 4194 cleslas
421 4126 617 4180 Christi
641 4126 692 4180 in
723 4129 983 4197 gentibus,
1015 4141 1260 4185 manente
1291 4133 1461 4186 adhuc
1493 4117 1760 4187 nonnullis

209 4216 269 4270 in
293 4214 421 4268 locis
447 4214 707 4269 idolorum
731 4219 956 4272 cultura.
1002 4219 1176 4288 Dagon
1203 4222 1418 4289 quippe,
1469 4221 1558 4291 qui
1589 4223 1756 4277 inter-

211 4313 452 4375 pretatur
479 4303 639 4370 piscis
666 4307 914 4368 tristitim,
946 4323 1048 4361 non
1092 4311 1262 4364 solum
1314 4303 1680 4378 persona,7sed
1708 4324 1760 4368 et

209 4380 431 4451 nomine
455 4394 713 4464 signiﬁcat
741 4408 860 4450 eum
892 4398 1002 4464 qui,
1027 4408 1208 4453 auctor
1236 4401 1392 4455 nobis
1419 4403 1756 4457 miseriarum

1865 1950 2028 2020 Caput
2047 1953 2217 2008 omnis
2240 1954 2456 2022 peccati,
2471 1955 2712 2024 superbia
2727 1953 3014 2020 diaboli,’et
3034 1970 3164 2024 opus
3188 1955 3411 2009 idolola-

1868 2045 2013 2108 trias;
2043 2045 2181 2113 quod
2212 2043 2360 2113 quasi
2386 2045 2588 2101 duabus
2631 2047 2840 2115 palmis,
2883 2046 3171 2115 impietatis
3203 2045 3420 2114 proles-

1865 2133 2031 2208 sione,
2058 2133 2270 2188 lattdum
2301 2144 2354 2188 et
2378 2135 2706 2190 victimarum
2734 2135 3063 2192 caeremoniis
3088 2135 3358 2205 agebatur,
3383 2150 3412 2188 a

1867 2235 2088 2293 cognato
2117 2240 2360 2292 corpore.
2413 2227 2462 2278 id
2492 2237 2591 2290 est.
2621 2241 2650 2279 a
2695 2228 3080 2282 cohaerentibus
3121 2225 3222 2280 sibi
3252 2227 3418 2280 turbis

1869 2317 2207 2370 seductorum
2227 2318 2515 2372 abscissum
2535 2317 2661 2386 jam,
2684 2319 3058 2393 jamquet‘oras
3082 2316 3412 2379 mittendum,

1866 2404 2061 2459 Christi
2088 2417 2405 2474 augescente
2436 2407 2721 2476 triumpho,
2748 2408 2998 2475 parebat;
3030 2408 3117 2476 qui
3147 2405 3296 2473 quasi
3325 2419 3417 2458 ca-

1867 2503 1957 2560 put
1983 2500 2038 2546 et
2062 2507 2249 2546 manus
2277 2492 2455 2562 Dagon
2483 2498 2652 2550 trunci
2678 2498 2726 2548 in
2757 2497 2937 2571 limine
2953 2497 3135 2566 jacere
3156 2506 3418 2549 monstra-

1869 2585 1977 2648 bat,
2026 2597 2146 2637 cunt
2175 2582 2247 2636 ait
2273 2599 2286 2636 τ
2322 2583 2473 2636 Nunc
2500 2572 2757 2654 judicium
2786 2596 2860 2640 est
2879 2588 3077 2650 mundi,
3112 2602 3248 2639 nunc
3273 2588 3417 2651 pria-

1866 2677 1982 2741 σερε
2012 2672 2161 2742 hujus
2195 2675 2368 2725 mandi
2396 2674 2623 2742 ejicietur
2653 2680 2790 2744 foras
2815 2675 2991 2745 (Joan.
3023 2676 3139 2742 an).

1937 2760 2104 2814 Porro
2135 2762 2315 2831 Dagon
2343 2772 2549 2816 truncus
2580 2767 2719 2817 solus
2747 2807 2760 2830 ,
2813 2775 2918 2820 etc.
2966 2766 3130 2820 Porro
3160 2767 3380 2830 poi-ultra
3399 2808 3414 2831 ,

1869 2850 2175 2905 idololatria:
2192 2851 2392 2922 abjecta
2413 2861 2465 2906 et
2483 2853 2747 2908 eliminata
2766 2856 3416 2925 professiooe,atqncnpe-

1869 2942 2072 2995 ratione
2101 2941 2447 3008 daemoniaca,
2485 2943 2621 2998 inter
2645 2959 2737 2998 eos
2765 2946 2854 3013 qui
2898 2948 2948 2999 iu
2998 2945 3100 3002 [ide
3148 2961 3418 3015 processe-

1867 3045 2019 3100 rant,
2051 3040 2200 3104 quasi
2225 3037 2371 3104 juxta
2407 3052 2584 3092 arcam
2620 3040 2732 3103 Dei,
2767 3040 2978 3094 humilis
3023 3041 3419 3107 subtnissusque

1870 3139 2165 3188 remanere,
2196 3142 2349 3194 quam
2381 3141 2497 3179 cum
2528 3127 2738 3182 diabolo
2778 3129 2918 3184 foras
2947 3129 3104 3193 mitti,
3143 3130 3192 3182 id
3214 3142 3315 3188 est.
3340 3129 3407 3183 ab

1872 3218 2115 3273 Ecclesia:
2146 3219 2398 3273 membris
2422 3219 2874 3285 anathematizari,
2907 3219 3151 3275 malebat.
3183 3219 3289 3274 Nec
3325 3221 3414 3272 ul-

1868 3317 1946 3363 tra
1972 3317 2139 3364 status
2195 3309 2368 3379 Dagon
2419 3311 2556 3363 sicut
2586 3318 2736 3363 antea
2785 3321 3107 3365 rcstauratus
3135 3312 3409 3378 asseritur,

1866 3402 1986 3468 quia
2018 3408 2132 3467 post
2163 3400 2323 3453 multa
2361 3398 2481 3453 licet
2510 3399 2763 3453 Ecclesiae
2792 3397 3078 3453 certamina
3125 3409 3409 3462 ceswtnm,

1866 3499 2037 3544 tamen
2055 3505 2084 3543 a
2111 3490 2361 3543 falsorum
2380 3489 2686 3544 defensione
2712 3490 2950 3557 deorum,
2972 3500 3025 3544 et
3042 3491 3132 3544 uni
3158 3491 3262 3544 Deo
3289 3507 3411 3544 vero

1862 3588 1944 3634 est
1970 3579 2089 3632 data
2117 3579 2334 3632 victoria
2363 3579 2591 3633 Christo.
3097 3585 3099 3587 ’
3167 3600 3174 3640 :

1935 3670 2148 3739 Propter
2192 3671 2323 3723 hanc
2351 3686 2557 3723 causam
2601 3687 2701 3723 non
2744 3673 2939 3723 calcarat
2983 3673 3263 3724 sacerdows
3310 3671 3414 3724 Da—

1860 3777 1980 3832 gon.
2033 3771 2136 3816 etc.
2180 3761 2402 3828 Propter
2429 3775 2674 3825 causam,
2715 3775 2815 3829 qua
2854 3759 3091 3812 diabolus
3123 3760 3413 3828 ejiciendus

1861 3852 2024 3914 l'oras,
2054 3861 2109 3906 et
2138 3852 2190 3906 in
2221 3852 2324 3906 line
2346 3851 2671 3906 damnandus
2695 3863 2797 3915 est,
2827 3867 3009 3906 omnes
3028 3853 3116 3917 qui
3144 3868 3261 3906 eum
3295 3868 3414 3920 per-

1861 3956 2013 3996 versa
2038 3943 2118 3995 vel
2141 3942 2378 3997 docendo
2421 3942 2501 3996 vel
2539 3943 2804 4009 operando
2831 3953 3139 4008 sequuntur,
3181 3945 3295 4011 ipso
3333 3945 3414 3997 in-

1860 4034 2105 4100 stigante,
2128 4042 2332 4098 tempus
2351 4031 2589 4099 ejusdem
2605 4031 2882 4098 ejectionis
2903 4041 2956 4085 et
2979 4032 3329 4086 damnationis
3353 4035 3413 4088 il-

1860 4121 1960 4175 lius
1984 4122 2316 4175 considerare
2341 4133 2392 4174 et
2421 4136 2610 4175 cavere
2629 4121 2940 4176 detrectant.
2963 4123 3099 4188 Quin
3127 4134 3406 4191 antequam

1857 4212 1936 4266 sui
1967 4210 2199 4265 cultores
2228 4209 2584 4279 abiniquitate
2623 4213 2958 4279 resipiscam,
2985 4229 3170 4267 eorum
3201 4217 3406 4272 sollici-

1861 4308 1942 4355 tus
1963 4315 2174 4356 sensum
2206 4301 2354 4370 quasi
2383 4302 2644 4356 incessum
2669 4303 2860 4358 mentis
2886 4318 2916 4356 a
2959 4304 3294 4373 praevidenda
3325 4307 3408 4360 fu-

1860 4404 1992 4456 tura,
2025 4393 2104 4446 vel
2165 4407 2278 4456 sua,
2307 4393 2386 4445 vel
2414 4393 2644 4460 ipsorum
2675 4394 2990 4473 perditione
3015 4397 3308 4463 suspendit.
3341 4396 3380 4471 Ε

203 4486 281 4539 ab
329 4482 478 4538 initio
515 4487 766 4548 existens,
818 4499 906 4538 rex
960 4485 1322 4540 universorum
1363 4504 1481 4555 quas
1528 4491 1580 4544 in
1610 4495 1758 4558 aquis
1787 4486 1832 4542 Ι]
1861 4483 1959 4536 hoc
1987 4496 2152 4551 usque
2197 4484 2247 4535 in
2305 4482 2612 4540 hodiernum
2646 4484 2808 4545 diem,
2840 4485 2889 4536 id
2917 4469 3028 4548 est,
3088 4501 3249 4566 usque
3279 4466 3405 4542 dum

206 4581 334 4626 sunt
363 4587 393 4624 a
417 4573 668 4640 propheta
693 4584 931 4627 vocatur.
961 4573 1034 4628 De
1057 4591 1161 4644 quo
1202 4577 1449 4642 Dominus
1474 4579 1636 4634 beato
1658 4581 1759 4634 Job

209 4659 318 4713 sub
346 4659 630 4713 Leviathan
674 4663 851 4728 specie
883 4663 1101 4729 plurima
1151 4675 1330 4719 narrat
1375 4665 1499 4733 (Job
1530 4667 1640 4737 ιι).
1695 4669 1760 4724 Et

204 4763 369 4819 quem
407 4747 621 4811 Tobias,
651 4751 740 4816 qui
787 4752 1162 4817 interpretatur
1184 4754 1358 4808 bonus
1380 4756 1491 4812 Dei.
1519 4771 1578 4810 se
1606 4755 1756 4810 inva-

204 4839 421 4896 dentem
449 4837 621 4906 angeli
653 4838 801 4892 ducis
831 4841 1038 4894 hortatu
1067 4845 1217 4898 undis
1245 4846 1521 4910 abstrahit,
1545 4856 1758 4902 exente-

206 4938 316 4990 rat.
346 4938 511 4996 asset,
537 4927 784 4993 comedit,
816 4929 957 4990 salit.
990 4939 1042 4982 et
1066 4946 1244 4985 secum
1290 4936 1354 4987 ad
1407 4937 1757 4992 medicamina

203 5018 368 5071 simul
401 5029 454 5075 et
481 5015 726 5071 viaticum
760 5026 949 5085 portat.
996 5017 1050 5071 id
1098 5030 1201 5081 est,
1238 5022 1488 5077 Dominus
1515 5025 1758 5081 Salvator

204 5119 323 5159 sum
348 5107 527 5162 carnis
554 5121 728 5159 escam
775 5118 1107 5174 appetentem
1141 5105 1406 5162 diali::lum
1436 5112 1611 5166 divina
1666 5130 1758 5183 po-

207 5195 376 5248 tentia
397 5205 630 5256 supcrat.
683 5194 989 5248 insidiarum
1023 5196 1234 5249 latebris
1261 5197 1451 5266 eripit;
1479 5210 1532 5254 et
1552 5201 1756 5258 abscisa

204 5287 278 5338 ab
305 5297 369 5336 eo
400 5285 632 5337 membra
657 5284 965 5354 iniquitatis,
993 5285 1264 5354 sapientiae
1292 5292 1406 5343 sale
1434 5293 1664 5358 condita,
1697 5311 1757 5348 ac

205 5372 376 5426 sancti
425 5371 651 5440 Spiritus
702 5375 823 5440 igne
851 5377 1089 5441 decocta,
1120 5377 1172 5430 in
1221 5380 1458 5445 corporis
1483 5384 1587 5451 aui,
1616 5386 1754 5453 quod

205 5469 295 5516 est
316 5459 568 5526 Ecclesia,
599 5465 834 5518 membra
857 5465 1070 5533 trojicit,
1103 5482 1296 5535 perque
1317 5463 1449 5522 alios
1470 5472 1589 5526 aliis
1613 5475 1753 5528 salu-

207 5553 278 5606 tis
306 5550 495 5604 auxilia
524 5562 758 5618 prastat.
787 5554 916 5608 Dum
946 5558 1088 5611 enim
1131 5573 1223 5622 per
1260 5573 1353 5611 eos
1367 5572 1502 5625 quos
1543 5562 1756 5618 diabolo

200 5649 424 5709 ereptos
439 5641 605 5696 salvat
626 5642 898 5712 Dominus,
920 5656 972 5700 et
989 5647 1334 5716 gentilitatem
1356 5648 1421 5702 ab
1445 5649 1754 5706 idololatrias

201 5729 516 5800 deceptione
543 5731 766 5788 salvabit
787 5775 801 5798 ,
852 5743 906 5790 et
933 5732 1145 5792 Judcos
1169 5776 1185 5804 ,
1216 5737 1281 5793 de
1317 5737 1507 5807 quibus
1535 5751 1779 5815 carnem.

1858 4589 2039 4628 eorum
2070 4577 2291 4641 quisque
2317 4574 2488 4628 lucem
2512 4574 2747 4627 veritatis
2777 4575 3062 4642 agnoverit,
3094 4590 3247 4644 quem
3281 4593 3402 4646 per-

1860 4674 2014 4728 petuo
2049 4672 2360 4728 praesentem
2381 4663 2468 4729 qui
2492 4663 2749 4729 sequitur,
2791 4680 2892 4717 non
2932 4667 3213 4719 ambulabit
3247 4668 3297 4719 ln
3328 4677 3404 4721 te»

1859 4751 2052 4803 neliris.
2077 4751 2180 4804 Nec
2204 4754 2351 4805 timet
2368 4751 2572 4804 calcare
2592 4767 2748 4819 super
2771 4754 2927 4807 limen
2949 4755 3188 4823 Dagonin
3211 4761 3400 4823 Azoto,

1855 4841 1972 4908 quia
2021 4852 2321 4907 pravorum,
2379 4841 2471 4908 qui
2512 4844 2734 4896 terrenis
2763 4844 2949 4898 ardent
2993 4845 3293 4913 desideriis,
3325 4853 3401 4904 si-

1857 4931 1958 4983 mul
1984 4940 2038 4984 et
2063 4931 2251 4998 rapitis
2287 4947 2470 4984 eorum
2515 4933 2732 4997 diaboli,
2773 4948 2979 5003 poenam
3008 4948 3180 4991 mente
3218 4942 3400 4992 sedula

1855 5031 2129 5077 contuetur
2155 5031 2205 5077 et
2235 5023 2430 5087 horret,
2456 5024 2669 5094 insuper
2690 5035 2742 5080 et
2759 5028 2913 5080 limen
2938 5041 3087 5082 Situm
3111 5045 3397 5084 conversus

1856 5113 1918 5165 ad
1943 5112 2182 5178 meliora,
2215 5115 2446 5179 paschali
2472 5119 2589 5185 agni
2617 5120 2870 5182 sanguine
2896 5133 3192 5187 aspergere,
3215 5119 3264 5173 id
3291 5131 3389 5182 est,
3425 5171 3427 5174 r

1856 5203 2121 5256 introitum
2149 5211 2203 5256 et
2242 5205 2440 5258 exitum
2487 5220 2640 5260 suum
2682 5208 2955 5261 dominicae
2986 5208 3242 5273 passionis
3282 5225 3397 5280 my-

1857 5295 2017 5346 sterio
2059 5295 2286 5357 munire,
2310 5298 2519 5365 satagit.
2555 5297 2730 5364 Dagou
2762 5313 2891 5364 ergo
2917 5300 3142 5354 truncati
3170 5314 3322 5370 caput
3343 5312 3398 5355 et

1855 5384 2014 5450 pedes
2038 5383 2089 5435 in
2120 5383 2300 5437 limine
2325 5398 2450 5438 suos
2475 5385 2541 5438 ab
2563 5383 2794 5452 ejusdem
2822 5385 3015 5442 liminis
3051 5399 3187 5442 tactu
3215 5390 3394 5443 deter-

1857 5479 1989 5525 rent.
2021 5471 2149 5538 Agni
2177 5486 2304 5526 vero
2328 5475 2644 5526 immaculati
2673 5477 2880 5544 sanguis
2908 5477 2958 5531 in
2981 5478 3159 5530 limine
3184 5493 3308 5531 suos
3332 5494 3393 5534 se

1853 5576 2058 5628 semper
2085 5564 2379 5616 recolentes
2403 5573 2544 5619 tutos
2571 5566 2639 5620 ab
2668 5569 2815 5622 hoste
2845 5569 3045 5630 reddet,
3067 5573 3185 5636 quia
3213 5569 3396 5625 diabo-

1855 5655 1935 5707 lus
1962 5653 2037 5707 eis
2077 5666 2208 5720 quos
2248 5653 2444 5720 decipit
2482 5658 2912 5712 considerandum
2964 5661 3155 5722 tinem,
3195 5663 3280 5728 qui
3327 5663 3392 5715 ad

1854 5743 2010 5813 impio
2051 5751 2241 5800 tartara
2279 5743 2462 5812 ducat,
2492 5756 2543 5801 ct
2587 5749 2815 5816 ipsorum
2855 5748 3111 5825 subtrahit
3136 5759 3189 5803 et
3215 5764 3384 5802 suum.
