  <div class='ocr_page' id='page_1' title='image "/cluster/home/n/w/nwhite01/storage/ocr_20150623/90-91/uva.x000827075/927.png"; bbox 0 0 3898 6260; ppageno 0'>
   <div class='ocr_carea' id='block_1_1' title="bbox 479 444 572 498">
    <p class='ocr_par' dir='ltr' id='par_1_1' title="bbox 479 444 572 498">
     <span class='ocr_line' id='line_1_1' title="bbox 479 444 572 498; baseline -0.022 0"><span class='ocrx_word' id='word_1_1' title='bbox 479 444 572 498; x_wconf 72' lang='lat'><strong>55!</strong></span> 
     </span>
    </p>
   </div>
   <div class='ocr_carea' id='block_1_2' title="bbox 974 397 3150 491">
    <p class='ocr_par' dir='ltr' id='par_1_2' title="bbox 974 397 3150 491">
     <span class='ocr_line' id='line_1_2' title="bbox 974 397 3150 491; baseline -0.005 0"><span class='ocrx_word' id='word_1_2' title='bbox 974 434 1165 491; x_wconf 76' lang='lat' dir='ltr'><strong>BED.E</strong></span> <span class='ocrx_word' id='word_1_3' title='bbox 1208 426 1650 485; x_wconf 79' lang='lat' dir='ltr'><strong>VENERABILIS</strong></span> <span class='ocrx_word' id='word_1_4' title='bbox 1686 397 1964 482; x_wconf 52' lang='lat' dir='ltr'><strong>OPER&#39;UM</strong></span> <span class='ocrx_word' id='word_1_5' title='bbox 2007 421 2182 478; x_wconf 77' lang='lat' dir='ltr'><strong>PARS</strong></span> <span class='ocrx_word' id='word_1_6' title='bbox 2218 421 2280 476; x_wconf 94' lang='grc' dir='ltr'><strong>ΙΙ.</strong></span> <span class='ocrx_word' id='word_1_7' title='bbox 2311 452 2380 464; x_wconf 92' lang='grc'><strong>-</strong></span> <span class='ocrx_word' id='word_1_8' title='bbox 2414 423 2791 480; x_wconf 79' lang='lat' dir='ltr'><strong>EXEGETICA</strong></span> <span class='ocrx_word' id='word_1_9' title='bbox 2833 402 3150 481; x_wconf 74' lang='lat' dir='ltr'><strong>GENUINA.</strong></span> 
     </span>
    </p>
   </div>
   <div class='ocr_carea' id='block_1_3' title="bbox 3577 420 3678 476">
    <p class='ocr_par' dir='ltr' id='par_1_3' title="bbox 3577 420 3678 476">
     <span class='ocr_line' id='line_1_3' title="bbox 3577 420 3678 476; baseline 0.01 -2"><span class='ocrx_word' id='word_1_10' title='bbox 3577 420 3678 476; x_wconf 69' lang='lat'><strong>552</strong></span> 
     </span>
    </p>
   </div>
   <div class='ocr_carea' id='block_1_4' title="bbox 485 533 3674 620">
    <p class='ocr_par' dir='ltr' id='par_1_4' title="bbox 485 533 3674 620">
     <span class='ocr_line' id='line_1_4' title="bbox 485 533 3674 620; baseline -0.01 -10"><span class='ocrx_word' id='word_1_11' title='bbox 485 555 732 610; x_wconf 74' lang='lat' dir='ltr'><strong>liuminns</strong></span> <span class='ocrx_word' id='word_1_12' title='bbox 761 561 932 608; x_wconf 88' lang='lat' dir='ltr'><strong>autem</strong></span> <span class='ocrx_word' id='word_1_13' title='bbox 959 565 1088 620; x_wconf 85' lang='lat' dir='ltr'><strong>quos</strong></span> <span class='ocrx_word' id='word_1_14' title='bbox 1111 546 1329 601; x_wconf 88' lang='lat' dir='ltr'><strong>redemit</strong></span> <span class='ocrx_word' id='word_1_15' title='bbox 1348 557 1457 599; x_wconf 65' lang='lat' dir='ltr'><strong>sum</strong></span> <span class='ocrx_word' id='word_1_16' title='bbox 1483 539 1741 611; x_wconf 72' lang='lat' dir='ltr'><strong>passionis</strong></span> <span class='ocrx_word' id='word_1_17' title='bbox 1766 547 1820 591; x_wconf 90' lang='lat' dir='ltr'><strong>et</strong></span> <span class='ocrx_word' id='word_1_18' title='bbox 1846 550 2020 589; x_wconf 87' lang='lat' dir='ltr'><strong>rcsur-</strong></span> <span class='ocrx_word' id='word_1_19' title='bbox 2052 537 2096 593; x_wconf 77' lang='grc' dir='ltr'><strong>Α</strong></span> <span class='ocrx_word' id='word_1_20' title='bbox 2126 533 2391 588; x_wconf 75' lang='lat' dir='ltr'><strong>meditatio</strong></span> <span class='ocrx_word' id='word_1_21' title='bbox 2430 535 2601 590; x_wconf 82' lang='lat' dir='ltr'><strong>cordis</strong></span> <span class='ocrx_word' id='word_1_22' title='bbox 2632 552 2816 590; x_wconf 88' lang='lat' dir='ltr'><strong>eorum</strong></span> <span class='ocrx_word' id='word_1_23' title='bbox 2868 537 3081 590; x_wconf 87' lang='lat' dir='ltr'><strong>interior</strong></span> <span class='ocrx_word' id='word_1_24' title='bbox 3105 536 3167 588; x_wconf 89' lang='lat' dir='ltr'><strong>ad</strong></span> <span class='ocrx_word' id='word_1_25' title='bbox 3214 535 3514 603; x_wconf 79' lang='lat' dir='ltr'><strong>posteriora</strong></span> <span class='ocrx_word' id='word_1_26' title='bbox 3533 547 3674 586; x_wconf 64' lang='grc' dir='ltr'><strong>ατη</strong></span> 
     </span>
    </p>
   </div>
   <div class='ocr_carea' id='block_1_5' title="bbox 487 633 2023 712">
    <p class='ocr_par' dir='ltr' id='par_1_5' title="bbox 487 633 2023 712">
     <span class='ocr_line' id='line_1_5' title="bbox 487 633 2023 712; baseline -0.016 -12"><span class='ocrx_word' id='word_1_27' title='bbox 487 647 728 703; x_wconf 82' lang='lat' dir='ltr'><strong>rectionis</strong></span> <span class='ocrx_word' id='word_1_28' title='bbox 755 643 993 712; x_wconf 72' lang='lat' dir='ltr'><strong>exemplo</strong></span> <span class='ocrx_word' id='word_1_29' title='bbox 1023 642 1178 695; x_wconf 82' lang='lat' dir='ltr'><strong>vitam</strong></span> <span class='ocrx_word' id='word_1_30' title='bbox 1208 650 1416 705; x_wconf 82' lang='lat' dir='ltr'><strong>semper</strong></span> <span class='ocrx_word' id='word_1_31' title='bbox 1455 633 1609 688; x_wconf 91' lang='lat' dir='ltr'><strong>docet</strong></span> <span class='ocrx_word' id='word_1_32' title='bbox 1650 641 1866 696; x_wconf 87' lang='lat' dir='ltr'><strong>sperare</strong></span> <span class='ocrx_word' id='word_1_33' title='bbox 1908 634 2023 694; x_wconf 89' lang='lat' dir='ltr'><strong>post</strong></span> 
     </span>
    </p>
   </div>
   <div class='ocr_carea' id='block_1_6' title="bbox 485 746 726 791">
    <p class='ocr_par' dir='ltr' id='par_1_6' title="bbox 485 746 726 791">
     <span class='ocr_line' id='line_1_6' title="bbox 485 746 726 791; baseline 0.004 -1"><span class='ocrx_word' id='word_1_34' title='bbox 485 753 535 790; x_wconf 92' lang='lat' dir='ltr'><strong>m</strong></span> <span class='ocrx_word' id='word_1_35' title='bbox 557 746 726 791; x_wconf 69' lang='lat' dir='ltr'><strong>trtem.</strong></span> 
     </span>
    </p>
   </div>
   <div class='ocr_carea' id='block_1_7' title="bbox 554 806 2016 896">
    <p class='ocr_par' dir='ltr' id='par_1_7' title="bbox 554 806 2016 896">
     <span class='ocr_line' id='line_1_7' title="bbox 554 806 2016 896; baseline -0.017 -16"><span class='ocrx_word' id='word_1_36' title='bbox 554 831 835 896; x_wconf 73' lang='lat' dir='ltr'><strong>Aggravata</strong></span> <span class='ocrx_word' id='word_1_37' title='bbox 860 833 1022 877; x_wconf 85' lang='lat' dir='ltr'><strong>autem</strong></span> <span class='ocrx_word' id='word_1_38' title='bbox 1058 832 1131 873; x_wconf 76' lang='lat' dir='ltr'><strong>est</strong></span> <span class='ocrx_word' id='word_1_39' title='bbox 1155 834 1330 871; x_wconf 86' lang='lat' dir='ltr'><strong>manus</strong></span> <span class='ocrx_word' id='word_1_40' title='bbox 1363 813 1566 869; x_wconf 87' lang='lat' dir='ltr'><strong>Domini</strong></span> <span class='ocrx_word' id='word_1_41' title='bbox 1612 826 1760 878; x_wconf 82' lang='lat' dir='ltr'><strong>super</strong></span> <span class='ocrx_word' id='word_1_42' title='bbox 1791 806 2016 867; x_wconf 67' lang='lat' dir='ltr'><strong>Aeolios,</strong></span> 
     </span>
    </p>
   </div>
   <div class='ocr_carea' id='block_1_8' title="bbox 485 897 2021 984">
    <p class='ocr_par' dir='ltr' id='par_1_8' title="bbox 485 897 2021 984">
     <span class='ocr_line' id='line_1_8' title="bbox 485 897 2021 984; baseline -0.018 -10"><span class='ocrx_word' id='word_1_43' title='bbox 485 933 585 974; x_wconf 89' lang='lat' dir='ltr'><strong>etc.</strong></span> <span class='ocrx_word' id='word_1_44' title='bbox 617 920 714 984; x_wconf 82' lang='lat' dir='ltr'><strong>Qui</strong></span> <span class='ocrx_word' id='word_1_45' title='bbox 747 925 992 983; x_wconf 86' lang='lat' dir='ltr'><strong>suscepta</strong></span> <span class='ocrx_word' id='word_1_46' title='bbox 1027 912 1119 966; x_wconf 89' lang='lat' dir='ltr'><strong>Dei</strong></span> <span class='ocrx_word' id='word_1_47' title='bbox 1145 926 1264 964; x_wconf 85' lang='lat' dir='ltr'><strong>arca</strong></span> <span class='ocrx_word' id='word_1_48' title='bbox 1303 923 1461 976; x_wconf 85' lang='lat' dir='ltr'><strong>super</strong></span> <span class='ocrx_word' id='word_1_49' title='bbox 1491 906 1666 972; x_wconf 85' lang='lat' dir='ltr'><strong>Dagon</strong></span> <span class='ocrx_word' id='word_1_50' title='bbox 1693 899 1903 953; x_wconf 90' lang='lat' dir='ltr'><strong>interitu</strong></span> <span class='ocrx_word' id='word_1_51' title='bbox 1929 897 2021 947; x_wconf 86' lang='lat' dir='ltr'><strong>do-</strong></span> 
     </span>
    </p>
   </div>
   <div class='ocr_carea' id='block_1_9' title="bbox 485 987 2022 1074">
    <p class='ocr_par' dir='ltr' id='par_1_9' title="bbox 485 987 2022 1074">
     <span class='ocr_line' id='line_1_9' title="bbox 485 987 2022 1074; baseline -0.018 -9"><span class='ocrx_word' id='word_1_52' title='bbox 485 1015 592 1065; x_wconf 88' lang='lat' dir='ltr'><strong>lent</strong></span> <span class='ocrx_word' id='word_1_53' title='bbox 655 1010 962 1074; x_wconf 89' lang='lat' dir='ltr'><strong>rninamqne</strong></span> <span class='ocrx_word' id='word_1_54' title='bbox 1009 1003 1122 1070; x_wconf 72' lang='lat' dir='ltr'><strong>eius</strong></span> <span class='ocrx_word' id='word_1_55' title='bbox 1163 1001 1396 1066; x_wconf 83' lang='lat' dir='ltr'><strong>erigunt,</strong></span> <span class='ocrx_word' id='word_1_56' title='bbox 1427 997 1478 1048; x_wconf 93' lang='lat' dir='ltr'><strong>in</strong></span> <span class='ocrx_word' id='word_1_57' title='bbox 1527 990 1904 1062; x_wconf 73' lang='lat' dir='ltr'><strong>posterioribus</strong></span> <span class='ocrx_word' id='word_1_58' title='bbox 1946 987 2022 1039; x_wconf 80' lang='lat' dir='ltr'><strong>fe-</strong></span> 
     </span>
    </p>
   </div>
   <div class='ocr_carea' id='block_1_10' title="bbox 486 1072 2019 1162">
    <p class='ocr_par' dir='ltr' id='par_1_10' title="bbox 486 1072 2019 1162">
     <span class='ocr_line' id='line_1_10' title="bbox 486 1072 2019 1162; baseline -0.018 -11"><span class='ocrx_word' id='word_1_59' title='bbox 486 1101 728 1162; x_wconf 89' lang='lat' dir='ltr'><strong>riuntur,</strong></span> <span class='ocrx_word' id='word_1_60' title='bbox 759 1107 1046 1158; x_wconf 86' lang='lat' dir='ltr'><strong>eorumque</strong></span> <span class='ocrx_word' id='word_1_61' title='bbox 1077 1106 1103 1141; x_wconf 84' lang='lat' dir='ltr'><strong>a</strong></span> <span class='ocrx_word' id='word_1_62' title='bbox 1134 1085 1370 1141; x_wconf 88' lang='lat' dir='ltr'><strong>muribus</strong></span> <span class='ocrx_word' id='word_1_63' title='bbox 1405 1092 1539 1135; x_wconf 85' lang='lat' dir='ltr'><strong>terra</strong></span> <span class='ocrx_word' id='word_1_64' title='bbox 1569 1077 1873 1140; x_wconf 76' lang='lat' dir='ltr'><strong>demolitur,</strong></span> <span class='ocrx_word' id='word_1_65' title='bbox 1900 1072 2019 1140; x_wconf 89' lang='lat' dir='ltr'><strong>quia</strong></span> 
     </span>
    </p>
   </div>
   <div class='ocr_carea' id='block_1_11' title="bbox 486 1163 2020 1256">
    <p class='ocr_par' dir='ltr' id='par_1_11' title="bbox 486 1163 2020 1256">
     <span class='ocr_line' id='line_1_11' title="bbox 486 1163 2020 1256; baseline -0.02 -13"><span class='ocrx_word' id='word_1_66' title='bbox 486 1189 573 1256; x_wconf 85' lang='lat' dir='ltr'><strong>qui</strong></span> <span class='ocrx_word' id='word_1_67' title='bbox 631 1186 752 1240; x_wconf 88' lang='lat' dir='ltr'><strong>lidei</strong></span> <span class='ocrx_word' id='word_1_68' title='bbox 809 1183 1074 1252; x_wconf 76' lang='lat' dir='ltr'><strong>agnitione</strong></span> <span class='ocrx_word' id='word_1_69' title='bbox 1124 1179 1203 1231; x_wconf 91' lang='lat' dir='ltr'><strong>vel</strong></span> <span class='ocrx_word' id='word_1_70' title='bbox 1252 1177 1410 1230; x_wconf 88' lang='lat' dir='ltr'><strong>etiam</strong></span> <span class='ocrx_word' id='word_1_71' title='bbox 1459 1169 1725 1240; x_wconf 80' lang='lat' dir='ltr'><strong>mysteriis</strong></span> <span class='ocrx_word' id='word_1_72' title='bbox 1795 1163 2020 1246; x_wconf 78' lang='lat' dir='ltr'><strong>imbuti,</strong></span> 
     </span>
    </p>
   </div>
   <div class='ocr_carea' id='block_1_12' title="bbox 482 1243 2019 1338">
    <p class='ocr_par' dir='ltr' id='par_1_12' title="bbox 482 1243 2019 1338">
     <span class='ocr_line' id='line_1_12' title="bbox 482 1243 2019 1338; baseline -0.019 -9"><span class='ocrx_word' id='word_1_73' title='bbox 482 1287 572 1330; x_wconf 83' lang='lat' dir='ltr'><strong>aut</strong></span> <span class='ocrx_word' id='word_1_74' title='bbox 602 1275 738 1330; x_wconf 88' lang='lat' dir='ltr'><strong>idola</strong></span> <span class='ocrx_word' id='word_1_75' title='bbox 768 1273 930 1327; x_wconf 90' lang='lat' dir='ltr'><strong>sterni</strong></span> <span class='ocrx_word' id='word_1_76' title='bbox 957 1314 972 1338; x_wconf 95' lang='lat'><strong>,</strong></span> <span class='ocrx_word' id='word_1_77' title='bbox 1022 1279 1111 1322; x_wconf 85' lang='lat' dir='ltr'><strong>aut</strong></span> <span class='ocrx_word' id='word_1_78' title='bbox 1142 1265 1264 1318; x_wconf 90' lang='lat' dir='ltr'><strong>vitia</strong></span> <span class='ocrx_word' id='word_1_79' title='bbox 1315 1262 1414 1316; x_wconf 85' lang='lat' dir='ltr'><strong>sibi</strong></span> <span class='ocrx_word' id='word_1_80' title='bbox 1443 1276 1551 1328; x_wconf 79' lang='lat' dir='ltr'><strong>noq</strong></span> <span class='ocrx_word' id='word_1_81' title='bbox 1578 1257 1802 1310; x_wconf 86' lang='lat' dir='ltr'><strong>tolerant</strong></span> <span class='ocrx_word' id='word_1_82' title='bbox 1852 1243 2019 1305; x_wconf 88' lang='lat' dir='ltr'><strong>inter-</strong></span> 
     </span>
    </p>
   </div>
   <div class='ocr_carea' id='block_1_13' title="bbox 487 1342 2041 1432">
    <p class='ocr_par' dir='ltr' id='par_1_13' title="bbox 487 1342 2041 1432">
     <span class='ocr_line' id='line_1_13' title="bbox 487 1342 2041 1432; baseline -0.017 -11"><span class='ocrx_word' id='word_1_83' title='bbox 487 1366 586 1420; x_wconf 83' lang='lat' dir='ltr'><strong>dici</strong></span> <span class='ocrx_word' id='word_1_84' title='bbox 615 1407 629 1427; x_wconf 97' lang='lat'><strong>,</strong></span> <span class='ocrx_word' id='word_1_85' title='bbox 679 1364 795 1432; x_wconf 81' lang='lat' dir='ltr'><strong>quia</strong></span> <span class='ocrx_word' id='word_1_86' title='bbox 827 1369 970 1415; x_wconf 89' lang='lat' dir='ltr'><strong>retro</strong></span> <span class='ocrx_word' id='word_1_87' title='bbox 1004 1358 1289 1426; x_wconf 87' lang='lat' dir='ltr'><strong>respiciunt</strong></span> <span class='ocrx_word' id='word_1_88' title='bbox 1311 1393 1326 1416; x_wconf 92' lang='lat'><strong>,</strong></span> <span class='ocrx_word' id='word_1_89' title='bbox 1373 1345 1752 1403; x_wconf 83' lang='lat' dir='ltr'><strong>immunditiam</strong></span> <span class='ocrx_word' id='word_1_90' title='bbox 1779 1342 1901 1396; x_wconf 68' lang='lat' dir='ltr'><strong>vitae</strong></span> <span class='ocrx_word' id='word_1_91' title='bbox 1934 1354 2041 1395; x_wconf 81' lang='lat' dir='ltr'><strong>ve-&#39;</strong></span> 
     </span>
    </p>
   </div>
   <div class='ocr_carea' id='block_1_14' title="bbox 484 1433 2021 1517">
    <p class='ocr_par' dir='ltr' id='par_1_14' title="bbox 484 1433 2021 1517">
     <span class='ocr_line' id='line_1_14' title="bbox 484 1433 2021 1517; baseline -0.019 -8"><span class='ocrx_word' id='word_1_92' title='bbox 484 1456 608 1509; x_wconf 88' lang='lat' dir='ltr'><strong>teris</strong></span> <span class='ocrx_word' id='word_1_93' title='bbox 639 1469 738 1506; x_wconf 81' lang='lat' dir='ltr'><strong>nor:</strong></span> <span class='ocrx_word' id='word_1_94' title='bbox 771 1451 1090 1517; x_wconf 84' lang='lat' dir='ltr'><strong>relinquunt,</strong></span> <span class='ocrx_word' id='word_1_95' title='bbox 1127 1455 1180 1497; x_wconf 90' lang='lat' dir='ltr'><strong>et</strong></span> <span class='ocrx_word' id='word_1_96' title='bbox 1210 1441 1520 1508; x_wconf 88' lang='lat' dir='ltr'><strong>posteriora,</strong></span> <span class='ocrx_word' id='word_1_97' title='bbox 1550 1450 1667 1502; x_wconf 66' lang='lat' dir='ltr'><strong>quae</strong></span> <span class='ocrx_word' id='word_1_98' title='bbox 1712 1447 1829 1486; x_wconf 91' lang='lat' dir='ltr'><strong>cum</strong></span> <span class='ocrx_word' id='word_1_99' title='bbox 1876 1433 2021 1497; x_wconf 78' lang='lat' dir='ltr'><strong>Apo-</strong></span> 
     </span>
    </p>
   </div>
   <div class='ocr_carea' id='block_1_15' title="bbox 482 1522 2022 1612">
    <p class='ocr_par' dir='ltr' id='par_1_15' title="bbox 482 1522 2022 1612">
     <span class='ocr_line' id='line_1_15' title="bbox 482 1522 2022 1612; baseline -0.018 -14"><span class='ocrx_word' id='word_1_100' title='bbox 482 1543 620 1598; x_wconf 89' lang='lat' dir='ltr'><strong>stolo</strong></span> <span class='ocrx_word' id='word_1_101' title='bbox 651 1545 666 1612; x_wconf 96' lang='lat'><strong>(</strong></span> <span class='ocrx_word' id='word_1_102' title='bbox 696 1540 888 1607; x_wconf 81' lang='lat' dir='ltr'><strong>Philip.</strong></span> <span class='ocrx_word' id='word_1_103' title='bbox 925 1552 980 1590; x_wconf 87' lang='lat' dir='ltr'><strong>Ill</strong></span> <span class='ocrx_word' id='word_1_104' title='bbox 1007 1549 1026 1605; x_wconf 83' lang='grc'><strong><em>)</em></strong></span> <span class='ocrx_word' id='word_1_105' title='bbox 1076 1532 1316 1589; x_wconf 80' lang='lat' dir='ltr'><strong>oblivisci</strong></span> <span class='ocrx_word' id='word_1_106' title='bbox 1362 1539 1417 1584; x_wconf 90' lang='lat' dir='ltr'><strong>et</strong></span> <span class='ocrx_word' id='word_1_107' title='bbox 1445 1523 1686 1580; x_wconf 84' lang='lat' dir='ltr'><strong>arbitrari</strong></span> <span class='ocrx_word' id='word_1_108' title='bbox 1733 1522 2022 1576; x_wconf 77' lang='lat' dir='ltr'><strong>debuerant</strong></span> 
     </span>
    </p>
   </div>
   <div class='ocr_carea' id='block_1_16' title="bbox 483 1609 2024 1696">
    <p class='ocr_par' dir='ltr' id='par_1_16' title="bbox 483 1609 2024 1696">
     <span class='ocr_line' id='line_1_16' title="bbox 483 1609 2024 1696; baseline -0.019 -8"><span class='ocrx_word' id='word_1_109' title='bbox 483 1646 542 1688; x_wconf 88' lang='lat' dir='ltr'><strong>ut</strong></span> <span class='ocrx_word' id='word_1_110' title='bbox 567 1609 794 1686; x_wconf 78' lang='lat' dir='ltr'><strong>stercora</strong></span> <span class='ocrx_word' id='word_1_111' title='bbox 815 1669 832 1696; x_wconf 91' lang='lat'><strong>,</strong></span> <span class='ocrx_word' id='word_1_112' title='bbox 886 1633 1148 1695; x_wconf 88' lang='lat' dir='ltr'><strong>repetunt.</strong></span> <span class='ocrx_word' id='word_1_113' title='bbox 1182 1622 1261 1677; x_wconf 80' lang='lat' dir='ltr'><strong>Ex</strong></span> <span class='ocrx_word' id='word_1_114' title='bbox 1291 1620 1372 1674; x_wconf 84' lang='lat' dir='ltr'><strong>his</strong></span> <span class='ocrx_word' id='word_1_115' title='bbox 1400 1616 1794 1682; x_wconf 66' lang='lat' dir='ltr'><strong>nimirnm’qute</strong></span> <span class='ocrx_word' id='word_1_116' title='bbox 1825 1609 2024 1678; x_wconf 89' lang='lat' dir='ltr'><strong>eligunt</strong></span> 
     </span>
    </p>
   </div>
   <div class='ocr_carea' id='block_1_17' title="bbox 487 1710 2024 1791">
    <p class='ocr_par' dir='ltr' id='par_1_17' title="bbox 487 1710 2024 1791">
     <span class='ocr_line' id='line_1_17' title="bbox 487 1710 2024 1791; baseline -0.018 -14"><span class='ocrx_word' id='word_1_117' title='bbox 487 1722 770 1791; x_wconf 87' lang='lat' dir='ltr'><strong>puniuntur</strong></span> <span class='ocrx_word' id='word_1_118' title='bbox 797 1758 812 1782; x_wconf 95' lang='lat'><strong>,</strong></span> <span class='ocrx_word' id='word_1_119' title='bbox 864 1717 1081 1786; x_wconf 87' lang='lat' dir='ltr'><strong>ipsaque</strong></span> <span class='ocrx_word' id='word_1_120' title='bbox 1131 1714 1188 1766; x_wconf 83' lang='lat' dir='ltr'><strong>lit</strong></span> <span class='ocrx_word' id='word_1_121' title='bbox 1217 1710 1421 1765; x_wconf 82' lang='lat' dir='ltr'><strong>miseris</strong></span> <span class='ocrx_word' id='word_1_122' title='bbox 1448 1719 1604 1761; x_wconf 88' lang='lat' dir='ltr'><strong>causa</strong></span> <span class='ocrx_word' id='word_1_123' title='bbox 1649 1714 1859 1772; x_wconf 68' lang='lat' dir='ltr'><strong>putate,</strong></span> <span class='ocrx_word' id='word_1_124' title='bbox 1907 1711 2024 1766; x_wconf 69' lang='lat' dir='ltr'><strong>qua:</strong></span> 
     </span>
    </p>
   </div>
   <div class='ocr_carea' id='block_1_18' title="bbox 487 1788 2023 1876">
    <p class='ocr_par' dir='ltr' id='par_1_18' title="bbox 487 1788 2023 1876">
     <span class='ocr_line' id='line_1_18' title="bbox 487 1788 2023 1876; baseline -0.018 -11"><span class='ocrx_word' id='word_1_125' title='bbox 487 1788 759 1868; x_wconf 60' lang='lat' dir='ltr'><strong>ilclectatio</strong></span> <span class='ocrx_word' id='word_1_126' title='bbox 807 1821 918 1865; x_wconf 84' lang='lat' dir='ltr'><strong>erat</strong></span> <span class='ocrx_word' id='word_1_127' title='bbox 967 1809 1156 1876; x_wconf 64' lang='lat' dir='ltr'><strong>culpae.</strong></span> <span class='ocrx_word' id='word_1_128' title='bbox 1199 1803 1304 1859; x_wconf 86' lang='lat' dir='ltr'><strong>Sed</strong></span> <span class='ocrx_word' id='word_1_129' title='bbox 1334 1803 1458 1855; x_wconf 87' lang='lat' dir='ltr'><strong>etsi</strong></span> <span class='ocrx_word' id='word_1_130' title='bbox 1488 1795 1614 1864; x_wconf 88' lang='lat' dir='ltr'><strong>quid</strong></span> <span class='ocrx_word' id='word_1_131' title='bbox 1665 1792 1788 1846; x_wconf 87' lang='lat' dir='ltr'><strong>boni</strong></span> <span class='ocrx_word' id='word_1_132' title='bbox 1829 1788 2023 1858; x_wconf 88' lang='lat' dir='ltr'><strong>germi-</strong></span> 
     </span>
    </p>
   </div>
   <div class='ocr_carea' id='block_1_19' title="bbox 2122 621 3674 692">
    <p class='ocr_par' dir='ltr' id='par_1_19' title="bbox 2122 621 3674 692">
     <span class='ocr_line' id='line_1_19' title="bbox 2122 621 3674 692; baseline 0.001 -19"><span class='ocrx_word' id='word_1_133' title='bbox 2122 630 2174 674; x_wconf 89' lang='lat' dir='ltr'><strong>et</strong></span> <span class='ocrx_word' id='word_1_134' title='bbox 2201 621 2464 676; x_wconf 91' lang='lat' dir='ltr'><strong>immunda</strong></span> <span class='ocrx_word' id='word_1_135' title='bbox 2495 625 2614 677; x_wconf 72' lang='lat' dir='ltr'><strong>vita:</strong></span> <span class='ocrx_word' id='word_1_136' title='bbox 2666 626 2920 692; x_wconf 82' lang='lat' dir='ltr'><strong>presentis</strong></span> <span class='ocrx_word' id='word_1_137' title='bbox 2967 627 3208 691; x_wconf 87' lang='lat' dir='ltr'><strong>relapsa,</strong></span> <span class='ocrx_word' id='word_1_138' title='bbox 3251 624 3418 676; x_wconf 79' lang='lat' dir='ltr'><strong>fetido</strong></span> <span class='ocrx_word' id='word_1_139' title='bbox 3468 626 3674 675; x_wconf 85' lang='lat' dir='ltr'><strong>cunctis</strong></span> 
     </span>
    </p>
   </div>
   <div class='ocr_carea' id='block_1_20' title="bbox 2123 699 3672 788">
    <p class='ocr_par' dir='ltr' id='par_1_20' title="bbox 2123 699 3672 788">
     <span class='ocr_line' id='line_1_20' title="bbox 2123 699 3672 788; baseline 0.001 -30"><span class='ocrx_word' id='word_1_140' title='bbox 2123 708 2244 760; x_wconf 88' lang='lat' dir='ltr'><strong>limo</strong></span> <span class='ocrx_word' id='word_1_141' title='bbox 2269 717 2325 761; x_wconf 89' lang='lat' dir='ltr'><strong>et</strong></span> <span class='ocrx_word' id='word_1_142' title='bbox 2365 724 2560 788; x_wconf 11' lang='lat' dir='ltr'><strong>cruore.</strong></span> <span class='ocrx_word' id='word_1_143' title='bbox 2586 711 2825 764; x_wconf 83' lang='lat' dir='ltr'><strong>vitiorum</strong></span> <span class='ocrx_word' id='word_1_144' title='bbox 2869 711 3015 777; x_wconf 88' lang='lat' dir='ltr'><strong>plena</strong></span> <span class='ocrx_word' id='word_1_145' title='bbox 3053 709 3196 763; x_wconf 77' lang='lat' dir='ltr'><strong>foras</strong></span> <span class='ocrx_word' id='word_1_146' title='bbox 3224 699 3555 776; x_wconf 74' lang='lat' dir='ltr'><strong>apparebat;</strong></span> <span class='ocrx_word' id='word_1_147' title='bbox 3589 709 3672 759; x_wconf 88' lang='lat' dir='ltr'><strong>cui</strong></span> 
     </span>
    </p>
   </div>
   <div class='ocr_carea' id='block_1_21' title="bbox 2121 799 3671 869">
    <p class='ocr_par' dir='ltr' id='par_1_21' title="bbox 2121 799 3671 869">
     <span class='ocr_line' id='line_1_21' title="bbox 2121 799 3671 869; baseline -0.001 -18"><span class='ocrx_word' id='word_1_148' title='bbox 2121 799 2297 864; x_wconf 85' lang='lat' dir='ltr'><strong>generi</strong></span> <span class='ocrx_word' id='word_1_149' title='bbox 2343 801 2694 869; x_wconf 87' lang='lat' dir='ltr'><strong>percussionis</strong></span> <span class='ocrx_word' id='word_1_150' title='bbox 2742 803 3104 855; x_wconf 59' lang='lat' dir='ltr'><strong>haereticorum</strong></span> <span class='ocrx_word' id='word_1_151' title='bbox 3152 803 3417 854; x_wconf 82' lang='lat' dir='ltr'><strong>vesaniam</strong></span> <span class='ocrx_word' id='word_1_152' title='bbox 3451 814 3671 864; x_wconf 61' lang='lat' dir='ltr'><strong>compa.</strong></span> 
     </span>
    </p>
   </div>
   <div class='ocr_carea' id='block_1_22' title="bbox 2121 890 3670 959">
    <p class='ocr_par' dir='ltr' id='par_1_22' title="bbox 2121 890 3670 959">
     <span class='ocr_line' id='line_1_22' title="bbox 2121 890 3670 959; baseline -0.003 -15"><span class='ocrx_word' id='word_1_153' title='bbox 2121 893 2248 956; x_wconf 91' lang='lat' dir='ltr'><strong>rari,</strong></span> <span class='ocrx_word' id='word_1_154' title='bbox 2273 900 2328 946; x_wconf 91' lang='lat' dir='ltr'><strong>et</strong></span> <span class='ocrx_word' id='word_1_155' title='bbox 2349 892 2457 959; x_wconf 90' lang='lat' dir='ltr'><strong>ipsa</strong></span> <span class='ocrx_word' id='word_1_156' title='bbox 2479 891 2586 945; x_wconf 83' lang='lat' dir='ltr'><strong>Arii</strong></span> <span class='ocrx_word' id='word_1_157' title='bbox 2609 902 2776 945; x_wconf 88' lang='lat' dir='ltr'><strong>morte</strong></span> <span class='ocrx_word' id='word_1_158' title='bbox 2805 892 3053 955; x_wconf 88' lang='lat' dir='ltr'><strong>docetur;</strong></span> <span class='ocrx_word' id='word_1_159' title='bbox 3079 893 3188 958; x_wconf 87' lang='lat' dir='ltr'><strong>qui,</strong></span> <span class='ocrx_word' id='word_1_160' title='bbox 3217 890 3346 943; x_wconf 80' lang='lat' dir='ltr'><strong>fusis</strong></span> <span class='ocrx_word' id='word_1_161' title='bbox 3375 906 3470 956; x_wconf 89' lang='lat' dir='ltr'><strong>per</strong></span> <span class='ocrx_word' id='word_1_162' title='bbox 3493 897 3670 950; x_wconf 59' lang='lat' dir='ltr'><strong>postv-</strong></span> 
     </span>
    </p>
   </div>
   <div class='ocr_carea' id='block_1_23' title="bbox 2122 980 3669 1048">
    <p class='ocr_par' dir='ltr' id='par_1_23' title="bbox 2122 980 3669 1048">
     <span class='ocr_line' id='line_1_23' title="bbox 2122 980 3669 1048; baseline -0.001 -14"><span class='ocrx_word' id='word_1_163' title='bbox 2122 982 2257 1034; x_wconf 89' lang='lat' dir='ltr'><strong>riora</strong></span> <span class='ocrx_word' id='word_1_164' title='bbox 2289 982 2602 1048; x_wconf 80' lang='lat' dir='ltr'><strong>visceribus,</strong></span> <span class='ocrx_word' id='word_1_165' title='bbox 2628 984 2831 1036; x_wconf 91' lang='lat' dir='ltr'><strong>cunctis</strong></span> <span class='ocrx_word' id='word_1_166' title='bbox 2867 983 3022 1035; x_wconf 85' lang='lat' dir='ltr'><strong>linem</strong></span> <span class='ocrx_word' id='word_1_167' title='bbox 3057 983 3300 1035; x_wconf 63' lang='lat' dir='ltr'><strong>haeretica</strong></span> <span class='ocrx_word' id='word_1_168' title='bbox 3331 980 3582 1045; x_wconf 83' lang='lat' dir='ltr'><strong>docendi,</strong></span> <span class='ocrx_word' id='word_1_169' title='bbox 3617 991 3669 1032; x_wconf 90' lang='lat' dir='ltr'><strong>et</strong></span> 
     </span>
    </p>
   </div>
   <div class='ocr_carea' id='block_1_24' title="bbox 2123 1067 3671 1140">
    <p class='ocr_par' dir='ltr' id='par_1_24' title="bbox 2123 1067 3671 1140">
     <span class='ocr_line' id='line_1_24' title="bbox 2123 1067 3671 1140; baseline 0 -18"><span class='ocrx_word' id='word_1_170' title='bbox 2123 1069 2383 1124; x_wconf 69' lang='lat' dir='ltr'><strong>haereticis</strong></span> <span class='ocrx_word' id='word_1_171' title='bbox 2412 1070 2563 1140; x_wconf 88' lang='lat' dir='ltr'><strong>digna</strong></span> <span class='ocrx_word' id='word_1_172' title='bbox 2593 1071 2844 1138; x_wconf 89' lang='lat' dir='ltr'><strong>supplicia</strong></span> <span class='ocrx_word' id='word_1_173' title='bbox 2871 1071 3124 1124; x_wconf 85' lang='lat' dir='ltr'><strong>subeundi</strong></span> <span class='ocrx_word' id='word_1_174' title='bbox 3160 1069 3476 1138; x_wconf 85' lang='lat' dir='ltr'><strong>principium</strong></span> <span class='ocrx_word' id='word_1_175' title='bbox 3505 1110 3521 1132; x_wconf 93' lang='lat'><strong>,</strong></span> <span class='ocrx_word' id='word_1_176' title='bbox 3554 1067 3671 1122; x_wconf 84' lang='lat' dir='ltr'><strong>mi-</strong></span> 
     </span>
    </p>
   </div>
   <div class='ocr_carea' id='block_1_25' title="bbox 2123 1160 2484 1212">
    <p class='ocr_par' dir='ltr' id='par_1_25' title="bbox 2123 1160 2484 1212">
     <span class='ocr_line' id='line_1_25' title="bbox 2123 1160 2484 1212; baseline 0 0"><span class='ocrx_word' id='word_1_177' title='bbox 2123 1173 2241 1212; x_wconf 87' lang='lat' dir='ltr'><strong>sere</strong></span> <span class='ocrx_word' id='word_1_178' title='bbox 2267 1160 2484 1212; x_wconf 83' lang='lat' dir='ltr'><strong>invenit.</strong></span> 
     </span>
    </p>
   </div>
   <div class='ocr_carea' id='block_1_26' title="bbox 2196 1248 3669 1319">
    <p class='ocr_par' dir='ltr' id='par_1_26' title="bbox 2196 1248 3669 1319">
     <span class='ocr_line' id='line_1_26' title="bbox 2196 1248 3669 1319; baseline -0.003 -18"><span class='ocrx_word' id='word_1_179' title='bbox 2196 1248 2443 1302; x_wconf 76' lang='lat' dir='ltr'><strong>Miserum</strong></span> <span class='ocrx_word' id='word_1_180' title='bbox 2477 1249 2664 1318; x_wconf 80' lang='lat' dir='ltr'><strong>itaque,</strong></span> <span class='ocrx_word' id='word_1_181' title='bbox 2695 1259 2742 1302; x_wconf 85' lang='lat' dir='ltr'><strong>et</strong></span> <span class='ocrx_word' id='word_1_182' title='bbox 2786 1255 3205 1319; x_wconf 71' lang='lat' dir='ltr'><strong>congregaverant</strong></span> <span class='ocrx_word' id='word_1_183' title='bbox 3237 1263 3406 1300; x_wconf 82' lang='lat' dir='ltr'><strong>omnes</strong></span> <span class='ocrx_word' id='word_1_184' title='bbox 3434 1258 3669 1315; x_wconf 73' lang='lat' dir='ltr'><strong>satrapas</strong></span> 
     </span>
    </p>
   </div>
   <div class='ocr_carea' id='block_1_27' title="bbox 2122 1335 3668 1404">
    <p class='ocr_par' dir='ltr' id='par_1_27' title="bbox 2122 1335 3668 1404">
     <span class='ocr_line' id='line_1_27' title="bbox 2122 1335 3668 1404; baseline -0.004 -12"><span class='ocrx_word' id='word_1_185' title='bbox 2122 1337 2546 1393; x_wconf 84' lang='lat' dir='ltr'><strong>Philisthinorum</strong></span> <span class='ocrx_word' id='word_1_186' title='bbox 2571 1378 2585 1404; x_wconf 93' lang='lat'><strong>,</strong></span> <span class='ocrx_word' id='word_1_187' title='bbox 2630 1348 2735 1391; x_wconf 89' lang='lat' dir='ltr'><strong>etc.</strong></span> <span class='ocrx_word' id='word_1_188' title='bbox 2765 1338 2908 1391; x_wconf 73' lang='lat' dir='ltr'><strong>Multi</strong></span> <span class='ocrx_word' id='word_1_189' title='bbox 2941 1339 3052 1391; x_wconf 70' lang='lat' dir='ltr'><strong>haec</strong></span> <span class='ocrx_word' id='word_1_190' title='bbox 3074 1337 3230 1390; x_wconf 85' lang='lat' dir='ltr'><strong>hodie</strong></span> <span class='ocrx_word' id='word_1_191' title='bbox 3258 1335 3581 1390; x_wconf 87' lang='lat' dir='ltr'><strong>credentium</strong></span> <span class='ocrx_word' id='word_1_192' title='bbox 3605 1335 3668 1387; x_wconf 86' lang='lat' dir='ltr'><strong>de</strong></span> 
     </span>
    </p>
   </div>
   <div class='ocr_carea' id='block_1_28' title="bbox 2120 1426 3669 1502">
    <p class='ocr_par' dir='ltr' id='par_1_28' title="bbox 2120 1426 3669 1502">
     <span class='ocr_line' id='line_1_28' title="bbox 2120 1426 3669 1502; baseline -0.005 -16"><span class='ocrx_word' id='word_1_193' title='bbox 2120 1432 2366 1502; x_wconf 73' lang='lat' dir='ltr'><strong>gentibus</strong></span> <span class='ocrx_word' id='word_1_194' title='bbox 2417 1431 2567 1485; x_wconf 78' lang='lat' dir='ltr'><strong>lactis</strong></span> <span class='ocrx_word' id='word_1_195' title='bbox 2591 1470 2607 1494; x_wconf 94' lang='lat'><strong>,</strong></span> <span class='ocrx_word' id='word_1_196' title='bbox 2649 1429 2749 1483; x_wconf 90' lang='lat' dir='ltr'><strong>etsi</strong></span> <span class='ocrx_word' id='word_1_197' title='bbox 2792 1445 2895 1482; x_wconf 90' lang='lat' dir='ltr'><strong>non</strong></span> <span class='ocrx_word' id='word_1_198' title='bbox 2926 1429 3127 1490; x_wconf 87' lang='lat' dir='ltr'><strong>verbis,</strong></span> <span class='ocrx_word' id='word_1_199' title='bbox 3155 1428 3375 1480; x_wconf 89' lang='lat' dir='ltr'><strong>dicunt:</strong></span> <span class='ocrx_word' id='word_1_200' title='bbox 3413 1426 3669 1479; x_wconf 80' lang='lat' dir='ltr'><strong>Dimittite</strong></span> 
     </span>
    </p>
   </div>
   <div class='ocr_carea' id='block_1_29' title="bbox 2123 1517 3669 1586">
    <p class='ocr_par' dir='ltr' id='par_1_29' title="bbox 2123 1517 3669 1586">
     <span class='ocr_line' id='line_1_29' title="bbox 2123 1517 3669 1586; baseline -0.006 -10"><span class='ocrx_word' id='word_1_201' title='bbox 2123 1523 2278 1576; x_wconf 83' lang='lat' dir='ltr'><strong>Iidem</strong></span> <span class='ocrx_word' id='word_1_202' title='bbox 2301 1561 2316 1586; x_wconf 97' lang='lat'><strong>,</strong></span> <span class='ocrx_word' id='word_1_203' title='bbox 2342 1531 2396 1575; x_wconf 89' lang='lat' dir='ltr'><strong>et</strong></span> <span class='ocrx_word' id='word_1_204' title='bbox 2424 1531 2716 1576; x_wconf 83' lang='lat' dir='ltr'><strong>revertatur</strong></span> <span class='ocrx_word' id='word_1_205' title='bbox 2744 1519 2810 1572; x_wconf 91' lang='lat' dir='ltr'><strong>ad</strong></span> <span class='ocrx_word' id='word_1_206' title='bbox 2856 1518 2989 1571; x_wconf 87' lang='lat' dir='ltr'><strong>lilios</strong></span> <span class='ocrx_word' id='word_1_207' title='bbox 3020 1518 3181 1571; x_wconf 89' lang='lat' dir='ltr'><strong>Israel</strong></span> <span class='ocrx_word' id='word_1_208' title='bbox 3203 1557 3218 1580; x_wconf 93' lang='lat'><strong>,</strong></span> <span class='ocrx_word' id='word_1_209' title='bbox 3250 1526 3305 1570; x_wconf 93' lang='lat' dir='ltr'><strong>ut</strong></span> <span class='ocrx_word' id='word_1_210' title='bbox 3341 1517 3550 1570; x_wconf 87' lang='lat' dir='ltr'><strong>tandem</strong></span> <span class='ocrx_word' id='word_1_211' title='bbox 3577 1531 3669 1567; x_wconf 86' lang='lat' dir='ltr'><strong>no-</strong></span> 
     </span>
    </p>
   </div>
   <div class='ocr_carea' id='block_1_30' title="bbox 2124 1608 3670 1675">
    <p class='ocr_par' dir='ltr' id='par_1_30' title="bbox 2124 1608 3670 1675">
     <span class='ocr_line' id='line_1_30' title="bbox 2124 1608 3670 1675; baseline -0.004 -10"><span class='ocrx_word' id='word_1_212' title='bbox 2124 1613 2204 1665; x_wconf 86' lang='lat' dir='ltr'><strong>bis</strong></span> <span class='ocrx_word' id='word_1_213' title='bbox 2247 1611 2471 1675; x_wconf 78' lang='lat' dir='ltr'><strong>excisis,</strong></span> <span class='ocrx_word' id='word_1_214' title='bbox 2513 1611 2586 1663; x_wconf 84' lang='lat' dir='ltr'><strong>illi</strong></span> <span class='ocrx_word' id='word_1_215' title='bbox 2627 1609 2913 1664; x_wconf 90' lang='lat' dir='ltr'><strong>secnndum</strong></span> <span class='ocrx_word' id='word_1_216' title='bbox 2945 1618 3186 1660; x_wconf 89' lang='lat' dir='ltr'><strong>naturam</strong></span> <span class='ocrx_word' id='word_1_217' title='bbox 3239 1608 3535 1660; x_wconf 86' lang='lat' dir='ltr'><strong>inserantur</strong></span> <span class='ocrx_word' id='word_1_218' title='bbox 3562 1621 3670 1659; x_wconf 63' lang='lat' dir='ltr'><strong>sua</strong></span> 
     </span>
    </p>
   </div>
   <div class='ocr_carea' id='block_1_31' title="bbox 2125 1684 3668 1767">
    <p class='ocr_par' dir='ltr' id='par_1_31' title="bbox 2125 1684 3668 1767">
     <span class='ocr_line' id='line_1_31' title="bbox 2125 1684 3668 1767; baseline -0.004 -14"><span class='ocrx_word' id='word_1_219' title='bbox 2125 1701 2299 1754; x_wconf 61' lang='lat' dir='ltr'><strong>olivae.</strong></span> <span class='ocrx_word' id='word_1_220' title='bbox 2325 1701 2508 1754; x_wconf 88' lang='lat' dir='ltr'><strong>Satius</strong></span> <span class='ocrx_word' id='word_1_221' title='bbox 2535 1710 2616 1755; x_wconf 87' lang='lat' dir='ltr'><strong>est</strong></span> <span class='ocrx_word' id='word_1_222' title='bbox 2643 1684 2782 1754; x_wconf 86' lang='lat' dir='ltr'><strong>enim</strong></span> <span class='ocrx_word' id='word_1_223' title='bbox 2808 1700 3116 1767; x_wconf 70' lang='lat' dir='ltr'><strong>ignorantes</strong></span> <span class='ocrx_word' id='word_1_224' title='bbox 3141 1696 3343 1766; x_wconf 84' lang='lat' dir='ltr'><strong>pen&#39;re,</strong></span> <span class='ocrx_word' id='word_1_225' title='bbox 3374 1710 3531 1764; x_wconf 90' lang='lat' dir='ltr'><strong>quam</strong></span> <span class='ocrx_word' id='word_1_226' title='bbox 3553 1710 3668 1748; x_wconf 90' lang='lat' dir='ltr'><strong>eum</strong></span> 
     </span>
    </p>
   </div>
   <div class='ocr_carea' id='block_1_32' title="bbox 2129 1787 3669 1858">
    <p class='ocr_par' dir='ltr' id='par_1_32' title="bbox 2129 1787 3669 1858">
     <span class='ocr_line' id='line_1_32' title="bbox 2129 1787 3669 1858; baseline -0.005 -14"><span class='ocrx_word' id='word_1_227' title='bbox 2129 1792 2335 1846; x_wconf 75' lang='lat' dir='ltr'><strong>caneris</strong></span> <span class='ocrx_word' id='word_1_228' title='bbox 2369 1787 2598 1858; x_wconf 86' lang='lat' dir='ltr'><strong>peccatis</strong></span> <span class='ocrx_word' id='word_1_229' title='bbox 2642 1805 2736 1858; x_wconf 91' lang='lat' dir='ltr'><strong>pro</strong></span> <span class='ocrx_word' id='word_1_230' title='bbox 2763 1789 2883 1842; x_wconf 78' lang='grc' dir='ltr'><strong>ηιιεὶ</strong></span> <span class='ocrx_word' id='word_1_231' title='bbox 2921 1789 3078 1840; x_wconf 89' lang='lat' dir='ltr'><strong>etiam</strong></span> <span class='ocrx_word' id='word_1_232' title='bbox 3099 1827 3114 1850; x_wconf 90' lang='lat'><strong>,</strong></span> <span class='ocrx_word' id='word_1_233' title='bbox 3144 1801 3298 1856; x_wconf 87' lang='lat' dir='ltr'><strong>quam</strong></span> <span class='ocrx_word' id='word_1_234' title='bbox 3326 1799 3544 1840; x_wconf 89' lang='lat' dir='ltr'><strong>servare</strong></span> <span class='ocrx_word' id='word_1_235' title='bbox 3581 1800 3669 1837; x_wconf 85' lang='lat' dir='ltr'><strong>ne-</strong></span> 
     </span>
    </p>
   </div>
   <div class='ocr_carea' id='block_1_33' title="bbox 488 1870 3116 1968">
    <p class='ocr_par' dir='ltr' id='par_1_33' title="bbox 488 1870 3116 1968">
     <span class='ocr_line' id='line_1_33' title="bbox 488 1870 3116 1968; baseline -0.012 -8"><span class='ocrx_word' id='word_1_236' title='bbox 488 1919 612 1960; x_wconf 86' lang='lat' dir='ltr'><strong>nare</strong></span> <span class='ocrx_word' id='word_1_237' title='bbox 642 1903 906 1967; x_wconf 80' lang='lat' dir='ltr'><strong>videntur,</strong></span> <span class='ocrx_word' id='word_1_238' title='bbox 960 1870 1257 1968; x_wconf 43' lang='lat' dir='ltr'><strong>qui-oculos</strong></span> <span class='ocrx_word' id='word_1_239' title='bbox 1307 1889 1500 1946; x_wconf 88' lang='lat' dir='ltr'><strong>mentis</strong></span> <span class='ocrx_word' id='word_1_240' title='bbox 1525 1895 1668 1940; x_wconf 87' lang='lat' dir='ltr'><strong>retro</strong></span> <span class='ocrx_word' id='word_1_241' title='bbox 1696 1887 1878 1938; x_wconf 87' lang='lat' dir='ltr'><strong>tenent</strong></span> <span class='ocrx_word' id='word_1_242' title='bbox 1902 1917 1918 1946; x_wconf 85' lang='lat'><strong>,</strong></span> <span class='ocrx_word' id='word_1_243' title='bbox 1968 1886 2023 1932; x_wconf 91' lang='lat' dir='ltr'><strong>et</strong></span> <span class='ocrx_word' id='word_1_244' title='bbox 2057 1870 2098 1926; x_wconf 79' lang='grc' dir='ltr'><strong><em>Β</em></strong></span> <span class='ocrx_word' id='word_1_245' title='bbox 2129 1880 2334 1947; x_wconf 88' lang='lat' dir='ltr'><strong>quimus</strong></span> <span class='ocrx_word' id='word_1_246' title='bbox 2358 1916 2374 1942; x_wconf 95' lang='lat'><strong>,</strong></span> <span class='ocrx_word' id='word_1_247' title='bbox 2400 1877 2829 1946; x_wconf 70' lang='lat' dir='ltr'><strong>praevaricatione</strong></span> <span class='ocrx_word' id='word_1_248' title='bbox 2855 1876 3116 1929; x_wconf 83' lang='lat' dir='ltr'><strong>damnari.</strong></span> 
     </span>
    </p>
   </div>
   <div class='ocr_carea' id='block_1_34' title="bbox 487 1975 2023 2059">
    <p class='ocr_par' dir='ltr' id='par_1_34' title="bbox 487 1975 2023 2059">
     <span class='ocr_line' id='line_1_34' title="bbox 487 1975 2023 2059; baseline -0.018 -12"><span class='ocrx_word' id='word_1_249' title='bbox 487 1992 634 2047; x_wconf 84' lang='lat' dir='ltr'><strong>radix</strong></span> <span class='ocrx_word' id='word_1_250' title='bbox 663 1989 995 2059; x_wconf 87' lang='lat' dir='ltr'><strong>cogitationis</strong></span> <span class='ocrx_word' id='word_1_251' title='bbox 1023 1985 1092 2040; x_wconf 86' lang='lat' dir='ltr'><strong>ab</strong></span> <span class='ocrx_word' id='word_1_252' title='bbox 1139 1979 1420 2038; x_wconf 81' lang='lat' dir='ltr'><strong>immundis</strong></span> <span class='ocrx_word' id='word_1_253' title='bbox 1455 1975 1725 2048; x_wconf 87' lang='lat' dir='ltr'><strong>spiritibus</strong></span> <span class='ocrx_word' id='word_1_254' title='bbox 1749 1981 1802 2025; x_wconf 94' lang='lat' dir='ltr'><strong>et</strong></span> <span class='ocrx_word' id='word_1_255' title='bbox 1830 1980 2023 2038; x_wconf 87' lang='lat' dir='ltr'><strong>opera-</strong></span> 
     </span>
    </p>
   </div>
   <div class='ocr_carea' id='block_1_35' title="bbox 488 2059 2025 2140">
    <p class='ocr_par' dir='ltr' id='par_1_35' title="bbox 488 2059 2025 2140">
     <span class='ocr_line' id='line_1_35' title="bbox 488 2059 2025 2140; baseline -0.02 1"><span class='ocrx_word' id='word_1_256' title='bbox 488 2083 642 2140; x_wconf 86' lang='lat' dir='ltr'><strong>tionis</strong></span> <span class='ocrx_word' id='word_1_257' title='bbox 683 2085 879 2137; x_wconf 79' lang='lat' dir='ltr'><strong>[ructus</strong></span> <span class='ocrx_word' id='word_1_258' title='bbox 921 2078 1181 2136; x_wconf 89' lang='lat' dir='ltr'><strong>eruditur.</strong></span> <span class='ocrx_word' id='word_1_259' title='bbox 1233 2071 1494 2130; x_wconf 89' lang='lat' dir='ltr'><strong>Percussit</strong></span> <span class='ocrx_word' id='word_1_260' title='bbox 1542 2075 1716 2121; x_wconf 89' lang='lat' dir='ltr'><strong>autem</strong></span> <span class='ocrx_word' id='word_1_261' title='bbox 1767 2059 2025 2116; x_wconf 83' lang='lat' dir='ltr'><strong>Dominus</strong></span> 
     </span>
    </p>
   </div>
   <div class='ocr_carea' id='block_1_36' title="bbox 489 2155 2026 2238">
    <p class='ocr_par' dir='ltr' id='par_1_36' title="bbox 489 2155 2026 2238">
     <span class='ocr_line' id='line_1_36' title="bbox 489 2155 2026 2238; baseline -0.019 -7"><span class='ocrx_word' id='word_1_262' title='bbox 489 2191 588 2231; x_wconf 88' lang='lat' dir='ltr'><strong>non</strong></span> <span class='ocrx_word' id='word_1_263' title='bbox 619 2174 790 2230; x_wconf 91' lang='lat' dir='ltr'><strong>solum</strong></span> <span class='ocrx_word' id='word_1_264' title='bbox 821 2177 1073 2238; x_wconf 80' lang='lat' dir='ltr'><strong>Asotum,</strong></span> <span class='ocrx_word' id='word_1_265' title='bbox 1103 2167 1192 2223; x_wconf 89' lang='lat' dir='ltr'><strong>ubi</strong></span> <span class='ocrx_word' id='word_1_266' title='bbox 1221 2172 1336 2221; x_wconf 88' lang='lat' dir='ltr'><strong>erat</strong></span> <span class='ocrx_word' id='word_1_267' title='bbox 1367 2162 1544 2230; x_wconf 87' lang='lat' dir='ltr'><strong>Dagon</strong></span> <span class='ocrx_word' id='word_1_268' title='bbox 1574 2196 1591 2223; x_wconf 95' lang='lat'><strong>,</strong></span> <span class='ocrx_word' id='word_1_269' title='bbox 1639 2155 1732 2210; x_wconf 89' lang='lat' dir='ltr'><strong>sed</strong></span> <span class='ocrx_word' id='word_1_270' title='bbox 1762 2161 1816 2208; x_wconf 90' lang='lat' dir='ltr'><strong>et</strong></span> <span class='ocrx_word' id='word_1_271' title='bbox 1839 2162 2026 2206; x_wconf 89' lang='lat' dir='ltr'><strong>omnes</strong></span> 
     </span>
    </p>
   </div>
   <div class='ocr_carea' id='block_1_37' title="bbox 487 2239 2025 2330">
    <p class='ocr_par' dir='ltr' id='par_1_37' title="bbox 487 2239 2025 2330">
     <span class='ocr_line' id='line_1_37' title="bbox 487 2239 2025 2330; baseline -0.021 -6"><span class='ocrx_word' id='word_1_272' title='bbox 487 2268 614 2324; x_wconf 88' lang='lat' dir='ltr'><strong>lines</strong></span> <span class='ocrx_word' id='word_1_273' title='bbox 643 2264 789 2321; x_wconf 75' lang='grc' dir='ltr'><strong>Διοιί</strong></span> <span class='ocrx_word' id='word_1_274' title='bbox 819 2303 836 2330; x_wconf 95' lang='lat'><strong>,</strong></span> <span class='ocrx_word' id='word_1_275' title='bbox 885 2261 1004 2330; x_wconf 89' lang='lat' dir='ltr'><strong>quia</strong></span> <span class='ocrx_word' id='word_1_276' title='bbox 1036 2273 1140 2312; x_wconf 93' lang='lat' dir='ltr'><strong>non</strong></span> <span class='ocrx_word' id='word_1_277' title='bbox 1192 2263 1388 2308; x_wconf 90' lang='lat' dir='ltr'><strong>tantum</strong></span> <span class='ocrx_word' id='word_1_278' title='bbox 1435 2244 1736 2316; x_wconf 87' lang='lat' dir='ltr'><strong>capitalium</strong></span> <span class='ocrx_word' id='word_1_279' title='bbox 1784 2239 2025 2294; x_wconf 89' lang='lat' dir='ltr'><strong>incendia</strong></span> 
     </span>
    </p>
   </div>
   <div class='ocr_carea' id='block_1_38' title="bbox 488 2331 2022 2419">
    <p class='ocr_par' dir='ltr' id='par_1_38' title="bbox 488 2331 2022 2419">
     <span class='ocr_line' id='line_1_38' title="bbox 488 2331 2022 2419; baseline -0.02 -7"><span class='ocrx_word' id='word_1_280' title='bbox 488 2355 764 2412; x_wconf 84' lang='lat' dir='ltr'><strong>criminum</strong></span> <span class='ocrx_word' id='word_1_281' title='bbox 790 2395 804 2419; x_wconf 89' lang='lat'><strong>,</strong></span> <span class='ocrx_word' id='word_1_282' title='bbox 849 2352 902 2405; x_wconf 92' lang='lat' dir='ltr'><strong>in</strong></span> <span class='ocrx_word' id='word_1_283' title='bbox 932 2347 1117 2418; x_wconf 88' lang='lat' dir='ltr'><strong>quibus</strong></span> <span class='ocrx_word' id='word_1_284' title='bbox 1147 2354 1388 2414; x_wconf 89' lang='lat' dir='ltr'><strong>apertum</strong></span> <span class='ocrx_word' id='word_1_285' title='bbox 1418 2352 1552 2408; x_wconf 90' lang='lat' dir='ltr'><strong>opus</strong></span> <span class='ocrx_word' id='word_1_286' title='bbox 1597 2333 1789 2390; x_wconf 89' lang='lat' dir='ltr'><strong>diaboli</strong></span> <span class='ocrx_word' id='word_1_287' title='bbox 1820 2331 2022 2396; x_wconf 88' lang='lat' dir='ltr'><strong>claret,</strong></span> 
     </span>
    </p>
   </div>
   <div class='ocr_carea' id='block_1_39' title="bbox 489 2425 2025 2512">
    <p class='ocr_par' dir='ltr' id='par_1_39' title="bbox 489 2425 2025 2512">
     <span class='ocr_line' id='line_1_39' title="bbox 489 2425 2025 2512; baseline -0.018 -11"><span class='ocrx_word' id='word_1_288' title='bbox 489 2447 580 2501; x_wconf 86' lang='lat' dir='ltr'><strong>.-ed</strong></span> <span class='ocrx_word' id='word_1_289' title='bbox 607 2453 662 2499; x_wconf 89' lang='lat' dir='ltr'><strong>et</strong></span> <span class='ocrx_word' id='word_1_290' title='bbox 692 2457 850 2512; x_wconf 87' lang='lat' dir='ltr'><strong>parva</strong></span> <span class='ocrx_word' id='word_1_291' title='bbox 876 2451 1135 2511; x_wconf 74' lang='lat' dir='ltr'><strong>quaeque,</strong></span> <span class='ocrx_word' id='word_1_292' title='bbox 1184 2443 1238 2492; x_wconf 83' lang='lat' dir='ltr'><strong>et</strong></span> <span class='ocrx_word' id='word_1_293' title='bbox 1282 2446 1398 2504; x_wconf 72' lang='lat' dir='ltr'><strong>quae</strong></span> <span class='ocrx_word' id='word_1_294' title='bbox 1439 2425 1736 2484; x_wconf 90' lang='lat' dir='ltr'><strong>hominibus</strong></span> <span class='ocrx_word' id='word_1_295' title='bbox 1788 2431 2025 2478; x_wconf 89' lang='lat' dir='ltr'><strong>extrema</strong></span> 
     </span>
    </p>
   </div>
   <div class='ocr_carea' id='block_1_40' title="bbox 490 2515 2069 2602">
    <p class='ocr_par' dir='ltr' id='par_1_40' title="bbox 490 2515 2069 2602">
     <span class='ocr_line' id='line_1_40' title="bbox 490 2515 2069 2602; baseline -0.013 -14"><span class='ocrx_word' id='word_1_296' title='bbox 490 2537 572 2592; x_wconf 81' lang='lat' dir='ltr'><strong>vel</strong></span> <span class='ocrx_word' id='word_1_297' title='bbox 614 2536 748 2591; x_wconf 89' lang='lat' dir='ltr'><strong>levia</strong></span> <span class='ocrx_word' id='word_1_298' title='bbox 792 2531 928 2589; x_wconf 82' lang='lat' dir='ltr'><strong>forte</strong></span> <span class='ocrx_word' id='word_1_299' title='bbox 979 2536 1192 2602; x_wconf 83' lang='lat' dir='ltr'><strong>peccata</strong></span> <span class='ocrx_word' id='word_1_300' title='bbox 1237 2525 1517 2590; x_wconf 83' lang='lat' dir='ltr'><strong>videntur,</strong></span> <span class='ocrx_word' id='word_1_301' title='bbox 1569 2516 1793 2575; x_wconf 89' lang='lat' dir='ltr'><strong>districti</strong></span> <span class='ocrx_word' id='word_1_302' title='bbox 1834 2515 2069 2584; x_wconf 27' lang='lat' dir='ltr'><strong>iudicis!</strong></span> 
     </span>
    </p>
   </div>
   <div class='ocr_carea' id='block_1_41' title="bbox 489 2605 2030 2694">
    <p class='ocr_par' dir='ltr' id='par_1_41' title="bbox 489 2605 2030 2694">
     <span class='ocr_line' id='line_1_41' title="bbox 489 2605 2030 2694; baseline -0.019 -9"><span class='ocrx_word' id='word_1_303' title='bbox 489 2628 743 2684; x_wconf 82' lang='lat' dir='ltr'><strong>sententia</strong></span> <span class='ocrx_word' id='word_1_304' title='bbox 787 2624 1073 2694; x_wconf 87' lang='lat' dir='ltr'><strong>reprobans</strong></span> <span class='ocrx_word' id='word_1_305' title='bbox 1103 2622 1332 2676; x_wconf 87' lang='lat' dir='ltr'><strong>damnat.</strong></span> <span class='ocrx_word' id='word_1_306' title='bbox 1371 2614 1608 2682; x_wconf 84' lang='lat' dir='ltr'><strong>Denique</strong></span> <span class='ocrx_word' id='word_1_307' title='bbox 1641 2623 1785 2663; x_wconf 81' lang='lat' dir='ltr'><strong>omne</strong></span> <span class='ocrx_word' id='word_1_308' title='bbox 1826 2605 2030 2659; x_wconf 70' lang='lat' dir='ltr'><strong>uerbum</strong></span> 
     </span>
    </p>
   </div>
   <div class='ocr_carea' id='block_1_42' title="bbox 488 2705 2032 2792">
    <p class='ocr_par' dir='ltr' id='par_1_42' title="bbox 488 2705 2032 2792">
     <span class='ocr_line' id='line_1_42' title="bbox 488 2705 2032 2792; baseline -0.015 -13"><span class='ocrx_word' id='word_1_309' title='bbox 488 2728 698 2781; x_wconf 73' lang='lat' dir='ltr'><strong>otiosum</strong></span> <span class='ocrx_word' id='word_1_310' title='bbox 719 2764 733 2785; x_wconf 89' lang='lat'><strong>,</strong></span> <span class='ocrx_word' id='word_1_311' title='bbox 762 2725 896 2792; x_wconf 84' lang='lat' dir='ltr'><strong>quod</strong></span> <span class='ocrx_word' id='word_1_312' title='bbox 940 2722 1091 2775; x_wconf 83' lang='lat' dir='ltr'><strong>locuti</strong></span> <span class='ocrx_word' id='word_1_313' title='bbox 1123 2720 1307 2790; x_wconf 73' lang='lat' dir='ltr'><strong>fuerint</strong></span> <span class='ocrx_word' id='word_1_314' title='bbox 1341 2714 1600 2778; x_wconf 78' lang='lat' dir='ltr'><strong>homines,</strong></span> <span class='ocrx_word' id='word_1_315' title='bbox 1637 2708 1852 2761; x_wconf 83' lang='lat' dir='ltr'><strong>reddent</strong></span> <span class='ocrx_word' id='word_1_316' title='bbox 1884 2705 1948 2758; x_wconf 89' lang='lat' dir='ltr'><strong>de</strong></span> <span class='ocrx_word' id='word_1_317' title='bbox 1975 2719 2032 2756; x_wconf 88' lang='lat' dir='ltr'><strong>eo</strong></span> 
     </span>
    </p>
   </div>
   <div class='ocr_carea' id='block_1_43' title="bbox 489 2803 1541 2886">
    <p class='ocr_par' dir='ltr' id='par_1_43' title="bbox 489 2803 1541 2886">
     <span class='ocr_line' id='line_1_43' title="bbox 489 2803 1541 2886; baseline -0.007 -24"><span class='ocrx_word' id='word_1_318' title='bbox 489 2815 729 2867; x_wconf 82' lang='lat' dir='ltr'><strong>rationem</strong></span> <span class='ocrx_word' id='word_1_319' title='bbox 757 2815 808 2866; x_wconf 88' lang='lat' dir='ltr'><strong>in</strong></span> <span class='ocrx_word' id='word_1_320' title='bbox 835 2815 915 2886; x_wconf 82' lang='lat' dir='ltr'><strong>die</strong></span> <span class='ocrx_word' id='word_1_321' title='bbox 933 2811 1118 2882; x_wconf 86' lang='lat' dir='ltr'><strong>judicii</strong></span> <span class='ocrx_word' id='word_1_322' title='bbox 1154 2810 1174 2880; x_wconf 93' lang='lat'><strong>(</strong></span> <span class='ocrx_word' id='word_1_323' title='bbox 1200 2806 1383 2862; x_wconf 70' lang='lat' dir='ltr'><strong>Matth.</strong></span> <span class='ocrx_word' id='word_1_324' title='bbox 1419 2803 1541 2874; x_wconf 79' lang='lat' dir='ltr'><strong>xtl).</strong></span> 
     </span>
    </p>
   </div>
   <div class='ocr_carea' id='block_1_44' title="bbox 568 2893 2025 2970">
    <p class='ocr_par' dir='ltr' id='par_1_44' title="bbox 568 2893 2025 2970">
     <span class='ocr_line' id='line_1_44' title="bbox 568 2893 2025 2970; baseline -0.016 -3"><span class='ocrx_word' id='word_1_325' title='bbox 568 2907 796 2966; x_wconf 57' lang='lat' dir='ltr'><strong>Videntes</strong></span> <span class='ocrx_word' id='word_1_326' title='bbox 813 2918 980 2962; x_wconf 84' lang='lat' dir='ltr'><strong>autent</strong></span> <span class='ocrx_word' id='word_1_327' title='bbox 1012 2905 1105 2960; x_wconf 74' lang='lat' dir='ltr'><strong>viri</strong></span> <span class='ocrx_word' id='word_1_328' title='bbox 1125 2902 1290 2956; x_wconf 80' lang='lat' dir='ltr'><strong>Azetii</strong></span> <span class='ocrx_word' id='word_1_329' title='bbox 1316 2894 1662 2970; x_wconf 80' lang='lat' dir='ltr'><strong>hujuscemodi</strong></span> <span class='ocrx_word' id='word_1_330' title='bbox 1680 2893 1904 2962; x_wconf 81' lang='lat' dir='ltr'><strong>plagam,</strong></span> <span class='ocrx_word' id='word_1_331' title='bbox 1921 2896 2025 2945; x_wconf 88' lang='lat' dir='ltr'><strong>etc.</strong></span> 
     </span>
    </p>
   </div>
   <div class='ocr_carea' id='block_1_45' title="bbox 492 2983 2028 3062">
    <p class='ocr_par' dir='ltr' id='par_1_45' title="bbox 492 2983 2028 3062">
     <span class='ocr_line' id='line_1_45' title="bbox 492 2983 2028 3062; baseline -0.019 1"><span class='ocrx_word' id='word_1_332' title='bbox 492 3005 741 3062; x_wconf 77' lang='lat' dir='ltr'><strong>Videntes</strong></span> <span class='ocrx_word' id='word_1_333' title='bbox 758 3000 1066 3056; x_wconf 74' lang='lat' dir='ltr'><strong>idololatria:</strong></span> <span class='ocrx_word' id='word_1_334' title='bbox 1083 2996 1364 3050; x_wconf 89' lang='lat' dir='ltr'><strong>dilectores</strong></span> <span class='ocrx_word' id='word_1_335' title='bbox 1391 2987 1676 3059; x_wconf 86' lang='lat' dir='ltr'><strong>potentiam</strong></span> <span class='ocrx_word' id='word_1_336' title='bbox 1690 2983 1880 3039; x_wconf 88' lang='lat' dir='ltr'><strong>Christi</strong></span> <span class='ocrx_word' id='word_1_337' title='bbox 1897 2995 2028 3036; x_wconf 81' lang='lat' dir='ltr'><strong>con-</strong></span> 
     </span>
    </p>
   </div>
   <div class='ocr_carea' id='block_1_46' title="bbox 490 3077 2032 3155">
    <p class='ocr_par' dir='ltr' id='par_1_46' title="bbox 490 3077 2032 3155">
     <span class='ocr_line' id='line_1_46' title="bbox 490 3077 2032 3155; baseline -0.018 -7"><span class='ocrx_word' id='word_1_338' title='bbox 490 3109 568 3150; x_wconf 84' lang='lat' dir='ltr'><strong>trs</strong></span> <span class='ocrx_word' id='word_1_339' title='bbox 596 3095 726 3150; x_wconf 89' lang='lat' dir='ltr'><strong>deos</strong></span> <span class='ocrx_word' id='word_1_340' title='bbox 759 3104 903 3155; x_wconf 87' lang='lat' dir='ltr'><strong>suos,</strong></span> <span class='ocrx_word' id='word_1_341' title='bbox 936 3087 1119 3141; x_wconf 89' lang='lat' dir='ltr'><strong>nolunt</strong></span> <span class='ocrx_word' id='word_1_342' title='bbox 1149 3084 1304 3138; x_wconf 84' lang='lat' dir='ltr'><strong>tidem</strong></span> <span class='ocrx_word' id='word_1_343' title='bbox 1327 3080 1443 3149; x_wconf 87' lang='lat' dir='ltr'><strong>ejus</strong></span> <span class='ocrx_word' id='word_1_344' title='bbox 1471 3077 1740 3145; x_wconf 84' lang='lat' dir='ltr'><strong>recipere,</strong></span> <span class='ocrx_word' id='word_1_345' title='bbox 1796 3086 1862 3126; x_wconf 89' lang='lat' dir='ltr'><strong>ne</strong></span> <span class='ocrx_word' id='word_1_346' title='bbox 1911 3081 2032 3138; x_wconf 85' lang='lat' dir='ltr'><strong>pro-</strong></span> 
     </span>
    </p>
   </div>
   <div class='ocr_carea' id='block_1_47' title="bbox 492 3165 2027 3252">
    <p class='ocr_par' dir='ltr' id='par_1_47' title="bbox 492 3165 2027 3252">
     <span class='ocr_line' id='line_1_47' title="bbox 492 3165 2027 3252; baseline -0.016 -18"><span class='ocrx_word' id='word_1_347' title='bbox 492 3195 606 3252; x_wconf 85' lang='lat' dir='ltr'><strong>pter</strong></span> <span class='ocrx_word' id='word_1_348' title='bbox 637 3187 768 3235; x_wconf 87' lang='lat' dir='ltr'><strong>hanc</strong></span> <span class='ocrx_word' id='word_1_349' title='bbox 796 3178 964 3233; x_wconf 86' lang='lat' dir='ltr'><strong>solam</strong></span> <span class='ocrx_word' id='word_1_350' title='bbox 1005 3181 1259 3243; x_wconf 85' lang='lat' dir='ltr'><strong>cogantur</strong></span> <span class='ocrx_word' id='word_1_351' title='bbox 1305 3182 1517 3224; x_wconf 90' lang='lat' dir='ltr'><strong>omnem</strong></span> <span class='ocrx_word' id='word_1_352' title='bbox 1565 3165 1784 3219; x_wconf 84' lang='lat' dir='ltr'><strong>deorum</strong></span> <span class='ocrx_word' id='word_1_353' title='bbox 1813 3171 2027 3214; x_wconf 90' lang='lat' dir='ltr'><strong>suorum</strong></span> 
     </span>
    </p>
   </div>
   <div class='ocr_carea' id='block_1_48' title="bbox 492 3252 2032 3326">
    <p class='ocr_par' dir='ltr' id='par_1_48' title="bbox 492 3252 2032 3326">
     <span class='ocr_line' id='line_1_48' title="bbox 492 3252 2032 3326; baseline -0.014 -2"><span class='ocrx_word' id='word_1_354' title='bbox 492 3273 697 3326; x_wconf 78' lang='lat' dir='ltr'><strong>turbam</strong></span> <span class='ocrx_word' id='word_1_355' title='bbox 748 3267 1012 3322; x_wconf 84' lang='lat' dir='ltr'><strong>abdicare.</strong></span> <span class='ocrx_word' id='word_1_356' title='bbox 1047 3263 1296 3319; x_wconf 84' lang='lat' dir='ltr'><strong>Videntes</strong></span> <span class='ocrx_word' id='word_1_357' title='bbox 1325 3260 1442 3312; x_wconf 89' lang='lat' dir='ltr'><strong>l&#39;alsi</strong></span> <span class='ocrx_word' id='word_1_358' title='bbox 1483 3252 1772 3312; x_wconf 80' lang='lat' dir='ltr'><strong>Christiani</strong></span> <span class='ocrx_word' id='word_1_359' title='bbox 1818 3259 2032 3319; x_wconf 87' lang='lat' dir='ltr'><strong>propter</strong></span> 
     </span>
    </p>
   </div>
   <div class='ocr_carea' id='block_1_49' title="bbox 498 3342 2031 3416">
    <p class='ocr_par' dir='ltr' id='par_1_49' title="bbox 498 3342 2031 3416">
     <span class='ocr_line' id='line_1_49' title="bbox 498 3342 2031 3416; baseline -0.018 1"><span class='ocrx_word' id='word_1_360' title='bbox 498 3361 653 3416; x_wconf 82' lang='lat' dir='ltr'><strong>tidem</strong></span> <span class='ocrx_word' id='word_1_361' title='bbox 679 3358 877 3413; x_wconf 80' lang='lat' dir='ltr'><strong>Christi</strong></span> <span class='ocrx_word' id='word_1_362' title='bbox 907 3351 1188 3409; x_wconf 88' lang='lat' dir='ltr'><strong>interdicta</strong></span> <span class='ocrx_word' id='word_1_363' title='bbox 1236 3348 1334 3403; x_wconf 87' lang='lat' dir='ltr'><strong>sibi</strong></span> <span class='ocrx_word' id='word_1_364' title='bbox 1383 3353 1598 3415; x_wconf 88' lang='lat' dir='ltr'><strong>peccata</strong></span> <span class='ocrx_word' id='word_1_365' title='bbox 1643 3355 1761 3410; x_wconf 78' lang='lat' dir='ltr'><strong>quze</strong></span> <span class='ocrx_word' id='word_1_366' title='bbox 1789 3342 1987 3392; x_wconf 77' lang='lat' dir='ltr'><strong>amant</strong></span> <span class='ocrx_word' id='word_1_367' title='bbox 2014 3376 2031 3402; x_wconf 91' lang='lat'><strong>,</strong></span> 
     </span>
    </p>
   </div>
   <div class='ocr_carea' id='block_1_50' title="bbox 493 3430 2032 3523">
    <p class='ocr_par' dir='ltr' id='par_1_50' title="bbox 493 3430 2032 3523">
     <span class='ocr_line' id='line_1_50' title="bbox 493 3430 2032 3523; baseline -0.017 -16"><span class='ocrx_word' id='word_1_368' title='bbox 493 3455 659 3523; x_wconf 88' lang='lat' dir='ltr'><strong>ipsam</strong></span> <span class='ocrx_word' id='word_1_369' title='bbox 690 3448 808 3503; x_wconf 85' lang='lat' dir='ltr'><strong>lldei</strong></span> <span class='ocrx_word' id='word_1_370' title='bbox 839 3445 1428 3514; x_wconf 89' lang='lat' dir='ltr'><strong>religionem,quantum</strong></span> <span class='ocrx_word' id='word_1_371' title='bbox 1457 3430 1992 3496; x_wconf 85' lang='lat' dir='ltr'><strong>vslent,detestantur</strong></span> <span class='ocrx_word' id='word_1_372' title='bbox 2014 3466 2032 3492; x_wconf 92' lang='lat'><strong>,</strong></span> 
     </span>
    </p>
   </div>
   <div class='ocr_carea' id='block_1_51' title="bbox 493 3519 2026 3610">
    <p class='ocr_par' dir='ltr' id='par_1_51' title="bbox 493 3519 2026 3610">
     <span class='ocr_line' id='line_1_51' title="bbox 493 3519 2026 3610; baseline -0.018 -12"><span class='ocrx_word' id='word_1_373' title='bbox 493 3519 560 3598; x_wconf 81' lang='lat' dir='ltr'><strong>ne</strong></span> <span class='ocrx_word' id='word_1_374' title='bbox 606 3542 762 3610; x_wconf 84' lang='lat' dir='ltr'><strong>hujus</strong></span> <span class='ocrx_word' id='word_1_375' title='bbox 814 3536 1094 3592; x_wconf 89' lang='lat' dir='ltr'><strong>occasione</strong></span> <span class='ocrx_word' id='word_1_376' title='bbox 1138 3526 1624 3597; x_wconf 83' lang='lat' dir='ltr'><strong>desideria,quibus</strong></span> <span class='ocrx_word' id='word_1_377' title='bbox 1652 3536 1749 3592; x_wconf 89' lang='lat' dir='ltr'><strong>pro</strong></span> <span class='ocrx_word' id='word_1_378' title='bbox 1779 3519 1887 3575; x_wconf 89' lang='lat' dir='ltr'><strong>Deo</strong></span> <span class='ocrx_word' id='word_1_379' title='bbox 1914 3532 2026 3572; x_wconf 86' lang='lat' dir='ltr'><strong>ser-</strong></span> 
     </span>
    </p>
   </div>
   <div class='ocr_carea' id='block_1_52' title="bbox 493 3606 2032 3697">
    <p class='ocr_par' dir='ltr' id='par_1_52' title="bbox 493 3606 2032 3697">
     <span class='ocr_line' id='line_1_52' title="bbox 493 3606 2032 3697; baseline -0.016 -12"><span class='ocrx_word' id='word_1_380' title='bbox 493 3606 969 3697; x_wconf 43' lang='grc' dir='ltr'><strong>νὶιιηιξὶυὺθειιιιιιι·</strong></span> <span class='ocrx_word' id='word_1_381' title='bbox 1011 3623 1365 3692; x_wconf 81' lang='lat' dir='ltr'><strong>exstinguere.</strong></span> <span class='ocrx_word' id='word_1_382' title='bbox 1419 3615 1590 3672; x_wconf 78' lang='lat' dir='ltr'><strong>Asotii</strong></span> <span class='ocrx_word' id='word_1_383' title='bbox 1619 3628 1714 3684; x_wconf 89' lang='lat' dir='ltr'><strong>per</strong></span> <span class='ocrx_word' id='word_1_384' title='bbox 1739 3606 2032 3676; x_wconf 91' lang='lat' dir='ltr'><strong>omnia,_id</strong></span> 
     </span>
    </p>
   </div>
   <div class='ocr_carea' id='block_1_53' title="bbox 494 3703 2031 3785">
    <p class='ocr_par' dir='ltr' id='par_1_53' title="bbox 494 3703 2031 3785">
     <span class='ocr_line' id='line_1_53' title="bbox 494 3703 2031 3785; baseline -0.017 -8"><span class='ocrx_word' id='word_1_385' title='bbox 494 3733 608 3785; x_wconf 77' lang='lat' dir='ltr'><strong>est,</strong></span> <span class='ocrx_word' id='word_1_386' title='bbox 638 3718 910 3774; x_wconf 85' lang='lat' dir='ltr'><strong>ell&#39;usionis</strong></span> <span class='ocrx_word' id='word_1_387' title='bbox 934 3757 949 3780; x_wconf 87' lang='lat'><strong>,</strong></span> <span class='ocrx_word' id='word_1_388' title='bbox 995 3711 1353 3768; x_wconf 85' lang='lat' dir='ltr'><strong>dissolutionis</strong></span> <span class='ocrx_word' id='word_1_389' title='bbox 1376 3748 1392 3775; x_wconf 92' lang='lat'><strong>,</strong></span> <span class='ocrx_word' id='word_1_390' title='bbox 1414 3763 1418 3766; x_wconf 24' lang='grc' dir='ltr'><strong>ι</strong></span> <span class='ocrx_word' id='word_1_391' title='bbox 1441 3715 1497 3764; x_wconf 91' lang='lat' dir='ltr'><strong>et</strong></span> <span class='ocrx_word' id='word_1_392' title='bbox 1522 3703 1882 3761; x_wconf 88' lang='lat' dir='ltr'><strong>incendiorum</strong></span> <span class='ocrx_word' id='word_1_393' title='bbox 1932 3715 2031 3755; x_wconf 90' lang='lat' dir='ltr'><strong>no-</strong></span> 
     </span>
    </p>
   </div>
   <div class='ocr_carea' id='block_1_54' title="bbox 497 3789 2035 3876">
    <p class='ocr_par' dir='ltr' id='par_1_54' title="bbox 497 3789 2035 3876">
     <span class='ocr_line' id='line_1_54' title="bbox 497 3789 2035 3876; baseline -0.016 -10"><span class='ocrx_word' id='word_1_394' title='bbox 497 3813 639 3866; x_wconf 86' lang='lat' dir='ltr'><strong>mine</strong></span> <span class='ocrx_word' id='word_1_395' title='bbox 667 3807 806 3876; x_wconf 87' lang='lat' dir='ltr'><strong>digni</strong></span> <span class='ocrx_word' id='word_1_396' title='bbox 835 3813 979 3870; x_wconf 88' lang='lat' dir='ltr'><strong>sunt,</strong></span> <span class='ocrx_word' id='word_1_397' title='bbox 1010 3803 1098 3871; x_wconf 90' lang='lat' dir='ltr'><strong>qui</strong></span> <span class='ocrx_word' id='word_1_398' title='bbox 1125 3801 1411 3868; x_wconf 66' lang='lat' dir='ltr'><strong>Scriptura</strong></span> <span class='ocrx_word' id='word_1_399' title='bbox 1439 3810 1604 3852; x_wconf 74' lang='lat' dir='ltr'><strong>sacra</strong></span> <span class='ocrx_word' id='word_1_400' title='bbox 1632 3801 1897 3865; x_wconf 58' lang='lat' dir='ltr'><strong>praecepta</strong></span> <span class='ocrx_word' id='word_1_401' title='bbox 1917 3789 2035 3844; x_wconf 88' lang='lat' dir='ltr'><strong>ideo</strong></span> 
     </span>
    </p>
   </div>
   <div class='ocr_carea' id='block_1_55' title="bbox 494 3880 2036 3962">
    <p class='ocr_par' dir='ltr' id='par_1_55' title="bbox 494 3880 2036 3962">
     <span class='ocr_line' id='line_1_55' title="bbox 494 3880 2036 3962; baseline -0.018 -5"><span class='ocrx_word' id='word_1_402' title='bbox 494 3903 632 3958; x_wconf 83' lang='lat' dir='ltr'><strong>scire</strong></span> <span class='ocrx_word' id='word_1_403' title='bbox 655 3900 839 3954; x_wconf 88' lang='lat' dir='ltr'><strong>nolunt</strong></span> <span class='ocrx_word' id='word_1_404' title='bbox 863 3935 878 3960; x_wconf 90' lang='lat'><strong>,</strong></span> <span class='ocrx_word' id='word_1_405' title='bbox 909 3910 975 3950; x_wconf 90' lang='lat' dir='ltr'><strong>ne</strong></span> <span class='ocrx_word' id='word_1_406' title='bbox 997 3892 1206 3962; x_wconf 88' lang='lat' dir='ltr'><strong>cognita</strong></span> <span class='ocrx_word' id='word_1_407' title='bbox 1249 3890 1476 3944; x_wconf 85' lang='lat' dir='ltr'><strong>debeant</strong></span> <span class='ocrx_word' id='word_1_408' title='bbox 1503 3900 1660 3955; x_wconf 83' lang='lat' dir='ltr'><strong>agere</strong></span> <span class='ocrx_word' id='word_1_409' title='bbox 1684 3898 1804 3953; x_wconf 63' lang='lat' dir='ltr'><strong>quae</strong></span> <span class='ocrx_word' id='word_1_410' title='bbox 1831 3880 2036 3935; x_wconf 50' lang='lat' dir='ltr'><strong>didicoq</strong></span> 
     </span>
    </p>
   </div>
   <div class='ocr_carea' id='block_1_56' title="bbox 497 3969 2036 4055">
    <p class='ocr_par' dir='ltr' id='par_1_56' title="bbox 497 3969 2036 4055">
     <span class='ocr_line' id='line_1_56' title="bbox 497 3969 2036 4055; baseline -0.018 -8"><span class='ocrx_word' id='word_1_411' title='bbox 497 3995 638 4054; x_wconf 87' lang='lat' dir='ltr'><strong>rint;</strong></span> <span class='ocrx_word' id='word_1_412' title='bbox 669 3997 722 4043; x_wconf 89' lang='lat' dir='ltr'><strong>et</strong></span> <span class='ocrx_word' id='word_1_413' title='bbox 754 3994 965 4055; x_wconf 87' lang='lat' dir='ltr'><strong>propter</strong></span> <span class='ocrx_word' id='word_1_414' title='bbox 996 3980 1204 4035; x_wconf 86' lang='lat' dir='ltr'><strong>Domini</strong></span> <span class='ocrx_word' id='word_1_415' title='bbox 1226 3976 1539 4034; x_wconf 86' lang='lat' dir='ltr'><strong>sententiam</strong></span> <span class='ocrx_word' id='word_1_416' title='bbox 1560 4017 1576 4041; x_wconf 93' lang='lat'><strong>,</strong></span> <span class='ocrx_word' id='word_1_417' title='bbox 1607 3986 1710 4042; x_wconf 86' lang='lat' dir='ltr'><strong>qua</strong></span> <span class='ocrx_word' id='word_1_418' title='bbox 1741 3969 2036 4024; x_wconf 83' lang='lat' dir='ltr'><strong>nescientes</strong></span> 
     </span>
    </p>
   </div>
   <div class='ocr_carea' id='block_1_57' title="bbox 493 4056 2040 4138">
    <p class='ocr_par' dir='ltr' id='par_1_57' title="bbox 493 4056 2040 4138">
     <span class='ocr_line' id='line_1_57' title="bbox 493 4056 2040 4138; baseline -0.019 -2"><span class='ocrx_word' id='word_1_419' title='bbox 493 4082 812 4138; x_wconf 86' lang='lat' dir='ltr'><strong>voluntatem</strong></span> <span class='ocrx_word' id='word_1_420' title='bbox 858 4089 1006 4130; x_wconf 89' lang='lat' dir='ltr'><strong>suam</strong></span> <span class='ocrx_word' id='word_1_421' title='bbox 1054 4073 1226 4124; x_wconf 89' lang='lat' dir='ltr'><strong>minus</strong></span> <span class='ocrx_word' id='word_1_422' title='bbox 1271 4067 1609 4136; x_wconf 84' lang='lat' dir='ltr'><strong>vapulaturos</strong></span> <span class='ocrx_word' id='word_1_423' title='bbox 1652 4061 1802 4124; x_wconf 89' lang='lat' dir='ltr'><strong>dicit,</strong></span> <span class='ocrx_word' id='word_1_424' title='bbox 1850 4056 2040 4112; x_wconf 85' lang='lat' dir='ltr'><strong>nolunt</strong></span> 
     </span>
    </p>
   </div>
   <div class='ocr_carea' id='block_1_58' title="bbox 495 4149 2038 4242">
    <p class='ocr_par' dir='ltr' id='par_1_58' title="bbox 495 4149 2038 4242">
     <span class='ocr_line' id='line_1_58' title="bbox 495 4149 2038 4242; baseline -0.019 -12"><span class='ocrx_word' id='word_1_425' title='bbox 495 4175 632 4229; x_wconf 86' lang='lat' dir='ltr'><strong>scire</strong></span> <span class='ocrx_word' id='word_1_426' title='bbox 657 4186 776 4242; x_wconf 75' lang='lat' dir='ltr'><strong>qua:</strong></span> <span class='ocrx_word' id='word_1_427' title='bbox 810 4167 1002 4223; x_wconf 79' lang='lat' dir='ltr'><strong>faciant</strong></span> <span class='ocrx_word' id='word_1_428' title='bbox 1030 4182 1045 4218; x_wconf 86' lang='lat' dir='ltr'><strong>t</strong></span> <span class='ocrx_word' id='word_1_429' title='bbox 1077 4179 1180 4219; x_wconf 92' lang='lat' dir='ltr'><strong>non</strong></span> <span class='ocrx_word' id='word_1_430' title='bbox 1206 4160 1557 4229; x_wconf 87' lang='lat' dir='ltr'><strong>intelligentes</strong></span> <span class='ocrx_word' id='word_1_431' title='bbox 1586 4154 1808 4209; x_wconf 92' lang='lat' dir='ltr'><strong>multum</strong></span> <span class='ocrx_word' id='word_1_432' title='bbox 1838 4149 2038 4205; x_wconf 83' lang='lat' dir='ltr'><strong>distare</strong></span> 
     </span>
    </p>
   </div>
   <div class='ocr_carea' id='block_1_59' title="bbox 500 4242 2039 4323">
    <p class='ocr_par' dir='ltr' id='par_1_59' title="bbox 500 4242 2039 4323">
     <span class='ocr_line' id='line_1_59' title="bbox 500 4242 2039 4323; baseline -0.018 -4"><span class='ocrx_word' id='word_1_433' title='bbox 500 4268 636 4319; x_wconf 90' lang='lat' dir='ltr'><strong>inter</strong></span> <span class='ocrx_word' id='word_1_434' title='bbox 679 4261 884 4316; x_wconf 85' lang='lat' dir='ltr'><strong>nescire</strong></span> <span class='ocrx_word' id='word_1_435' title='bbox 922 4254 1232 4323; x_wconf 84' lang='lat' dir='ltr'><strong>simpliciter</strong></span> <span class='ocrx_word' id='word_1_436' title='bbox 1327 4260 1381 4305; x_wconf 90' lang='lat' dir='ltr'><strong>et</strong></span> <span class='ocrx_word' id='word_1_437' title='bbox 1449 4247 1681 4302; x_wconf 88' lang='lat' dir='ltr'><strong>noluisse</strong></span> <span class='ocrx_word' id='word_1_438' title='bbox 1745 4242 1882 4297; x_wconf 90' lang='lat' dir='ltr'><strong>scire</strong></span> <span class='ocrx_word' id='word_1_439' title='bbox 1921 4253 2039 4308; x_wconf 63' lang='lat' dir='ltr'><strong>qua:</strong></span> 
     </span>
    </p>
   </div>
   <div class='ocr_carea' id='block_1_60' title="bbox 501 4332 2041 4410">
    <p class='ocr_par' dir='ltr' id='par_1_60' title="bbox 501 4332 2041 4410">
     <span class='ocr_line' id='line_1_60' title="bbox 501 4332 2041 4410; baseline -0.018 -3"><span class='ocrx_word' id='word_1_440' title='bbox 501 4351 714 4409; x_wconf 88' lang='lat' dir='ltr'><strong>scienda</strong></span> <span class='ocrx_word' id='word_1_441' title='bbox 759 4347 1026 4402; x_wconf 87' lang='lat' dir='ltr'><strong>didiceris.</strong></span> <span class='ocrx_word' id='word_1_442' title='bbox 1068 4343 1214 4397; x_wconf 84' lang='lat' dir='ltr'><strong>Et-bi</strong></span> <span class='ocrx_word' id='word_1_443' title='bbox 1243 4355 1370 4410; x_wconf 87' lang='lat' dir='ltr'><strong>ergo</strong></span> <span class='ocrx_word' id='word_1_444' title='bbox 1415 4338 1603 4392; x_wconf 90' lang='lat' dir='ltr'><strong>durum</strong></span> <span class='ocrx_word' id='word_1_445' title='bbox 1655 4333 1765 4389; x_wconf 90' lang='lat' dir='ltr'><strong>suis</strong></span> <span class='ocrx_word' id='word_1_446' title='bbox 1796 4332 2041 4386; x_wconf 84' lang='lat' dir='ltr'><strong>volunta-</strong></span> 
     </span>
    </p>
   </div>
   <div class='ocr_carea' id='block_1_61' title="bbox 503 4419 2040 4498">
    <p class='ocr_par' dir='ltr' id='par_1_61' title="bbox 503 4419 2040 4498">
     <span class='ocr_line' id='line_1_61' title="bbox 503 4419 2040 4498; baseline -0.018 -2"><span class='ocrx_word' id='word_1_447' title='bbox 503 4446 640 4498; x_wconf 86' lang='lat' dir='ltr'><strong>tibus</strong></span> <span class='ocrx_word' id='word_1_448' title='bbox 667 4424 956 4494; x_wconf 74' lang='lat' dir='ltr'><strong>sentientes</strong></span> <span class='ocrx_word' id='word_1_449' title='bbox 978 4473 993 4498; x_wconf 91' lang='lat'><strong>,</strong></span> <span class='ocrx_word' id='word_1_450' title='bbox 1035 4445 1209 4484; x_wconf 84' lang='lat' dir='ltr'><strong>arcam</strong></span> <span class='ocrx_word' id='word_1_451' title='bbox 1241 4444 1268 4479; x_wconf 89' lang='lat' dir='ltr'><strong>a</strong></span> <span class='ocrx_word' id='word_1_452' title='bbox 1294 4442 1354 4482; x_wconf 90' lang='lat' dir='ltr'><strong>se</strong></span> <span class='ocrx_word' id='word_1_453' title='bbox 1382 4425 1618 4479; x_wconf 74' lang='lat' dir='ltr'><strong>scientiae</strong></span> <span class='ocrx_word' id='word_1_454' title='bbox 1666 4420 1898 4476; x_wconf 79' lang='lat' dir='ltr'><strong>cmlestis</strong></span> <span class='ocrx_word' id='word_1_455' title='bbox 1943 4419 2040 4471; x_wconf 87' lang='lat' dir='ltr'><strong>im-</strong></span> 
     </span>
    </p>
   </div>
   <div class='ocr_carea' id='block_1_62' title="bbox 502 4529 985 4604">
    <p class='ocr_par' dir='ltr' id='par_1_62' title="bbox 502 4529 985 4604">
     <span class='ocr_line' id='line_1_62' title="bbox 502 4529 985 4604; baseline -0.027 -12"><span class='ocrx_word' id='word_1_456' title='bbox 502 4537 671 4604; x_wconf 88' lang='lat' dir='ltr'><strong>pudici</strong></span> <span class='ocrx_word' id='word_1_457' title='bbox 707 4529 985 4602; x_wconf 87' lang='lat' dir='ltr'><strong>repellunt.</strong></span> 
     </span>
    </p>
   </div>
   <div class='ocr_carea' id='block_1_63' title="bbox 570 4601 2036 4693">
    <p class='ocr_par' dir='ltr' id='par_1_63' title="bbox 570 4601 2036 4693">
     <span class='ocr_line' id='line_1_63' title="bbox 570 4601 2036 4693; baseline -0.017 -14"><span class='ocrx_word' id='word_1_458' title='bbox 570 4625 1043 4693; x_wconf 82' lang='lat' dir='ltr'><strong>Itespondcrun&#39;qne</strong></span> <span class='ocrx_word' id='word_1_459' title='bbox 1085 4613 1260 4670; x_wconf 85' lang='lat' dir='ltr'><strong>Gethei</strong></span> <span class='ocrx_word' id='word_1_460' title='bbox 1287 4626 1304 4666; x_wconf 91' lang='lat'><strong><em>:</em></strong></span> <span class='ocrx_word' id='word_1_461' title='bbox 1333 4607 1747 4665; x_wconf 80' lang='lat' dir='ltr'><strong>Circumducatur</strong></span> <span class='ocrx_word' id='word_1_462' title='bbox 1776 4617 1902 4658; x_wconf 87' lang='lat' dir='ltr'><strong>&#39;arca</strong></span> <span class='ocrx_word' id='word_1_463' title='bbox 1944 4601 2036 4655; x_wconf 88' lang='lat' dir='ltr'><strong>Dei</strong></span> 
     </span>
    </p>
   </div>
   <div class='ocr_carea' id='block_1_64' title="bbox 500 4697 2038 4779">
    <p class='ocr_par' dir='ltr' id='par_1_64' title="bbox 500 4697 2038 4779">
     <span class='ocr_line' id='line_1_64' title="bbox 500 4697 2038 4779; baseline -0.015 -10"><span class='ocrx_word' id='word_1_464' title='bbox 500 4716 687 4779; x_wconf 78' lang='lat' dir='ltr'><strong>Israel,</strong></span> <span class='ocrx_word' id='word_1_465' title='bbox 714 4723 830 4769; x_wconf 80' lang='lat' dir='ltr'><strong>etc.-.</strong></span> <span class='ocrx_word' id='word_1_466' title='bbox 854 4713 918 4766; x_wconf 86' lang='lat' dir='ltr'><strong>Et</strong></span> <span class='ocrx_word' id='word_1_467' title='bbox 947 4712 1058 4763; x_wconf 63' lang='lat' dir='ltr'><strong>huic</strong></span> <span class='ocrx_word' id='word_1_468' title='bbox 1085 4721 1224 4761; x_wconf 75' lang='lat' dir='ltr'><strong>arcze</strong></span> <span class='ocrx_word' id='word_1_469' title='bbox 1250 4700 1628 4757; x_wconf 84' lang='lat' dir='ltr'><strong>circumductio</strong></span> <span class='ocrx_word' id='word_1_470' title='bbox 1650 4697 1872 4765; x_wconf 90' lang='lat' dir='ltr'><strong>tempori</strong></span> <span class='ocrx_word' id='word_1_471' title='bbox 1904 4709 2038 4763; x_wconf 68' lang='lat' dir='ltr'><strong>prie-</strong></span> 
     </span>
    </p>
   </div>
   <div class='ocr_carea' id='block_1_65' title="bbox 500 4783 2039 4869">
    <p class='ocr_par' dir='ltr' id='par_1_65' title="bbox 500 4783 2039 4869">
     <span class='ocr_line' id='line_1_65' title="bbox 500 4783 2039 4869; baseline -0.017 -8"><span class='ocrx_word' id='word_1_472' title='bbox 500 4805 665 4861; x_wconf 84' lang='lat' dir='ltr'><strong>sentis</strong></span> <span class='ocrx_word' id='word_1_473' title='bbox 705 4805 798 4857; x_wconf 77' lang='lat' dir='ltr'><strong>:evi</strong></span> <span class='ocrx_word' id='word_1_474' title='bbox 843 4799 1114 4869; x_wconf 82' lang='lat' dir='ltr'><strong>congruit,</strong></span> <span class='ocrx_word' id='word_1_475' title='bbox 1149 4794 1232 4846; x_wconf 84' lang='lat' dir='ltr'><strong>ubi</strong></span> <span class='ocrx_word' id='word_1_476' title='bbox 1264 4793 1486 4861; x_wconf 89' lang='lat' dir='ltr'><strong>quisque</strong></span> <span class='ocrx_word' id='word_1_477' title='bbox 1524 4789 1785 4842; x_wconf 77' lang='lat' dir='ltr'><strong>lentarum</strong></span> <span class='ocrx_word' id='word_1_478' title='bbox 1827 4785 1894 4839; x_wconf 86' lang='lat' dir='ltr'><strong>ab</strong></span> <span class='ocrx_word' id='word_1_479' title='bbox 1933 4783 2039 4836; x_wconf 90' lang='lat' dir='ltr'><strong>alio</strong></span> 
     </span>
    </p>
   </div>
   <div class='ocr_carea' id='block_1_66' title="bbox 501 4873 2041 4963">
    <p class='ocr_par' dir='ltr' id='par_1_66' title="bbox 501 4873 2041 4963">
     <span class='ocr_line' id='line_1_66' title="bbox 501 4873 2041 4963; baseline -0.018 -14"><span class='ocrx_word' id='word_1_480' title='bbox 501 4895 666 4961; x_wconf 82' lang='lat' dir='ltr'><strong>magis</strong></span> <span class='ocrx_word' id='word_1_481' title='bbox 695 4892 824 4963; x_wconf 83' lang='lat' dir='ltr'><strong>dura</strong></span> <span class='ocrx_word' id='word_1_482' title='bbox 851 4889 1128 4941; x_wconf 86' lang='lat' dir='ltr'><strong>verborum</strong></span> <span class='ocrx_word' id='word_1_483' title='bbox 1160 4881 1366 4935; x_wconf 80' lang='lat' dir='ltr'><strong>Domini</strong></span> <span class='ocrx_word' id='word_1_484' title='bbox 1406 4891 1564 4946; x_wconf 87' lang='lat' dir='ltr'><strong>quam</strong></span> <span class='ocrx_word' id='word_1_485' title='bbox 1612 4890 1640 4927; x_wconf 88' lang='lat' dir='ltr'><strong>a</strong></span> <span class='ocrx_word' id='word_1_486' title='bbox 1683 4889 1744 4929; x_wconf 90' lang='lat' dir='ltr'><strong>se</strong></span> <span class='ocrx_word' id='word_1_487' title='bbox 1770 4873 2041 4928; x_wconf 83' lang='lat' dir='ltr'><strong>desiderat</strong></span> 
     </span>
    </p>
   </div>
   <div class='ocr_carea' id='block_1_67' title="bbox 501 4962 2040 5052">
    <p class='ocr_par' dir='ltr' id='par_1_67' title="bbox 501 4962 2040 5052">
     <span class='ocr_line' id='line_1_67' title="bbox 501 4962 2040 5052; baseline -0.017 -12"><span class='ocrx_word' id='word_1_488' title='bbox 501 4980 732 5052; x_wconf 89' lang='lat' dir='ltr'><strong>impleri.</strong></span> <span class='ocrx_word' id='word_1_489' title='bbox 774 4979 879 5033; x_wconf 85' lang='lat' dir='ltr'><strong>Sed</strong></span> <span class='ocrx_word' id='word_1_490' title='bbox 906 4987 960 5030; x_wconf 85' lang='lat' dir='ltr'><strong>et</strong></span> <span class='ocrx_word' id='word_1_491' title='bbox 987 4975 1221 5030; x_wconf 77' lang='lat' dir='ltr'><strong>barbarae</strong></span> <span class='ocrx_word' id='word_1_492' title='bbox 1253 4971 1522 5033; x_wconf 84' lang='lat' dir='ltr'><strong>nationes,</strong></span> <span class='ocrx_word' id='word_1_493' title='bbox 1553 4964 1691 5034; x_wconf 92' lang='lat' dir='ltr'><strong>quod</strong></span> <span class='ocrx_word' id='word_1_494' title='bbox 1719 4979 1880 5033; x_wconf 88' lang='lat' dir='ltr'><strong>grave</strong></span> <span class='ocrx_word' id='word_1_495' title='bbox 1909 4962 2040 5016; x_wconf 84' lang='lat' dir='ltr'><strong>satis</strong></span> 
     </span>
    </p>
   </div>
   <div class='ocr_carea' id='block_1_68' title="bbox 503 5051 2037 5136">
    <p class='ocr_par' dir='ltr' id='par_1_68' title="bbox 503 5051 2037 5136">
     <span class='ocr_line' id='line_1_68' title="bbox 503 5051 2037 5136; baseline -0.016 -8"><span class='ocrx_word' id='word_1_496' title='bbox 503 5051 622 5136; x_wconf 63' lang='lat' dir='ltr'><strong>ut,</strong></span> <span class='ocrx_word' id='word_1_497' title='bbox 651 5069 696 5124; x_wconf 90' lang='lat' dir='ltr'><strong>si</strong></span> <span class='ocrx_word' id='word_1_498' title='bbox 723 5079 840 5136; x_wconf 67' lang='lat' dir='ltr'><strong>quae</strong></span> <span class='ocrx_word' id='word_1_499' title='bbox 883 5061 1075 5118; x_wconf 86' lang='lat' dir='ltr'><strong>Christi</strong></span> <span class='ocrx_word' id='word_1_500' title='bbox 1125 5058 1281 5113; x_wconf 81' lang='lat' dir='ltr'><strong>iidem</strong></span> <span class='ocrx_word' id='word_1_501' title='bbox 1312 5071 1478 5126; x_wconf 88' lang='lat' dir='ltr'><strong>nuper</strong></span> <span class='ocrx_word' id='word_1_502' title='bbox 1525 5051 1867 5122; x_wconf 86' lang='lat' dir='ltr'><strong>exceperint,</strong></span> <span class='ocrx_word' id='word_1_503' title='bbox 1914 5065 2037 5105; x_wconf 87' lang='lat' dir='ltr'><strong>mox</strong></span> 
     </span>
    </p>
   </div>
   <div class='ocr_carea' id='block_1_69' title="bbox 503 5142 2048 5217">
    <p class='ocr_par' dir='ltr' id='par_1_69' title="bbox 503 5142 2048 5217">
     <span class='ocr_line' id='line_1_69' title="bbox 503 5142 2048 5217; baseline -0.017 1"><span class='ocrx_word' id='word_1_504' title='bbox 503 5157 781 5217; x_wconf 86' lang='lat' dir='ltr'><strong>desideriis</strong></span> <span class='ocrx_word' id='word_1_505' title='bbox 805 5151 1051 5209; x_wconf 90' lang='lat' dir='ltr'><strong>mollibus</strong></span> <span class='ocrx_word' id='word_1_506' title='bbox 1075 5157 1335 5202; x_wconf 77' lang='lat' dir='ltr'><strong>enervata:</strong></span> <span class='ocrx_word' id='word_1_507' title='bbox 1354 5183 1370 5208; x_wconf 88' lang='lat'><strong>,</strong></span> <span class='ocrx_word' id='word_1_508' title='bbox 1412 5145 1528 5199; x_wconf 87' lang='lat' dir='ltr'><strong>aliis</strong></span> <span class='ocrx_word' id='word_1_509' title='bbox 1572 5145 1707 5198; x_wconf 86' lang='lat' dir='ltr'><strong>hanc</strong></span> <span class='ocrx_word' id='word_1_510' title='bbox 1730 5143 1895 5212; x_wconf 85' lang='lat' dir='ltr'><strong>magis</strong></span> <span class='ocrx_word' id='word_1_511' title='bbox 1913 5142 2048 5194; x_wconf 56' lang='lat' dir='ltr'><strong>dana</strong></span> 
     </span>
    </p>
   </div>
   <div class='ocr_carea' id='block_1_70' title="bbox 503 5233 1973 5319">
    <p class='ocr_par' dir='ltr' id='par_1_70' title="bbox 503 5233 1973 5319">
     <span class='ocr_line' id='line_1_70' title="bbox 503 5233 1973 5319; baseline -0.018 -9"><span class='ocrx_word' id='word_1_512' title='bbox 503 5255 624 5311; x_wconf 87' lang='lat' dir='ltr'><strong>dam</strong></span> <span class='ocrx_word' id='word_1_513' title='bbox 652 5264 810 5319; x_wconf 90' lang='lat' dir='ltr'><strong>quam</strong></span> <span class='ocrx_word' id='word_1_514' title='bbox 843 5244 978 5314; x_wconf 88' lang='lat' dir='ltr'><strong>apud</strong></span> <span class='ocrx_word' id='word_1_515' title='bbox 1007 5257 1066 5297; x_wconf 92' lang='lat' dir='ltr'><strong>se</strong></span> <span class='ocrx_word' id='word_1_516' title='bbox 1087 5239 1286 5294; x_wconf 90' lang='lat' dir='ltr'><strong>diutius</strong></span> <span class='ocrx_word' id='word_1_517' title='bbox 1307 5237 1570 5290; x_wconf 82' lang='lat' dir='ltr'><strong>aestimant</strong></span> <span class='ocrx_word' id='word_1_518' title='bbox 1599 5233 1973 5290; x_wconf 88' lang='lat' dir='ltr'><strong>exercendam.</strong></span> 
     </span>
    </p>
   </div>
   <div class='ocr_carea' id='block_1_71' title="bbox 575 5327 2045 5398">
    <p class='ocr_par' dir='ltr' id='par_1_71' title="bbox 575 5327 2045 5398">
     <span class='ocr_line' id='line_1_71' title="bbox 575 5327 2045 5398; baseline -0.017 0"><span class='ocrx_word' id='word_1_519' title='bbox 575 5342 690 5398; x_wconf 87' lang='lat' dir='ltr'><strong>Illis</strong></span> <span class='ocrx_word' id='word_1_520' title='bbox 734 5348 898 5394; x_wconf 80' lang='lat' dir='ltr'><strong>autent</strong></span> <span class='ocrx_word' id='word_1_521' title='bbox 943 5327 1426 5387; x_wconf 72' lang='lat' dir='ltr'><strong>circumiacentibus</strong></span> <span class='ocrx_word' id='word_1_522' title='bbox 1467 5342 1575 5378; x_wconf 81' lang='lat' dir='ltr'><strong>eant</strong></span> <span class='ocrx_word' id='word_1_523' title='bbox 1600 5366 1614 5390; x_wconf 93' lang='lat'><strong>,</strong></span> <span class='ocrx_word' id='word_1_524' title='bbox 1656 5327 1806 5392; x_wconf 78' lang='lat' dir='ltr'><strong>ﬁebat</strong></span> <span class='ocrx_word' id='word_1_525' title='bbox 1865 5338 2045 5374; x_wconf 85' lang='lat' dir='ltr'><strong>manus</strong></span> 
     </span>
    </p>
   </div>
   <div class='ocr_carea' id='block_1_72' title="bbox 511 5414 2045 5497">
    <p class='ocr_par' dir='ltr' id='par_1_72' title="bbox 511 5414 2045 5497">
     <span class='ocr_line' id='line_1_72' title="bbox 511 5414 2045 5497; baseline -0.017 -6"><span class='ocrx_word' id='word_1_526' title='bbox 511 5430 752 5497; x_wconf 82' lang='lat' dir='ltr'><strong>Domini,</strong></span> <span class='ocrx_word' id='word_1_527' title='bbox 800 5436 903 5481; x_wconf 91' lang='lat' dir='ltr'><strong>etc.</strong></span> <span class='ocrx_word' id='word_1_528' title='bbox 942 5423 1040 5490; x_wconf 79' lang='lat' dir='ltr'><strong>Qui</strong></span> <span class='ocrx_word' id='word_1_529' title='bbox 1088 5421 1240 5475; x_wconf 77' lang='lat' dir='ltr'><strong>[idem</strong></span> <span class='ocrx_word' id='word_1_530' title='bbox 1285 5416 1583 5471; x_wconf 81' lang='lat' dir='ltr'><strong>transitorie</strong></span> <span class='ocrx_word' id='word_1_531' title='bbox 1611 5429 1705 5468; x_wconf 89' lang='lat' dir='ltr'><strong>nec</strong></span> <span class='ocrx_word' id='word_1_532' title='bbox 1741 5415 1840 5466; x_wconf 77' lang='lat' dir='ltr'><strong>lixa</strong></span> <span class='ocrx_word' id='word_1_533' title='bbox 1869 5414 2045 5467; x_wconf 72' lang='lat' dir='ltr'><strong>inten~</strong></span> 
     </span>
    </p>
   </div>
   <div class='ocr_carea' id='block_1_73' title="bbox 506 5505 2046 5590">
    <p class='ocr_par' dir='ltr' id='par_1_73' title="bbox 506 5505 2046 5590">
     <span class='ocr_line' id='line_1_73' title="bbox 506 5505 2046 5590; baseline -0.016 -8"><span class='ocrx_word' id='word_1_534' title='bbox 506 5531 649 5582; x_wconf 90' lang='lat' dir='ltr'><strong>tione</strong></span> <span class='ocrx_word' id='word_1_535' title='bbox 692 5517 1017 5590; x_wconf 87' lang='lat' dir='ltr'><strong>percipiunt.</strong></span> <span class='ocrx_word' id='word_1_536' title='bbox 1059 5528 1164 5567; x_wconf 84' lang='lat' dir='ltr'><strong>non</strong></span> <span class='ocrx_word' id='word_1_537' title='bbox 1209 5511 1379 5566; x_wconf 88' lang='lat' dir='ltr'><strong>solum</strong></span> <span class='ocrx_word' id='word_1_538' title='bbox 1425 5507 1553 5562; x_wconf 89' lang='lat' dir='ltr'><strong>nihil</strong></span> <span class='ocrx_word' id='word_1_539' title='bbox 1602 5505 1867 5559; x_wconf 85' lang='lat' dir='ltr'><strong>commodi</strong></span> <span class='ocrx_word' id='word_1_540' title='bbox 1923 5519 2046 5559; x_wconf 75' lang='lat' dir='ltr'><strong>cre-</strong></span> 
     </span>
    </p>
   </div>
   <div class='ocr_carea' id='block_1_74' title="bbox 505 5594 2045 5670">
    <p class='ocr_par' dir='ltr' id='par_1_74' title="bbox 505 5594 2045 5670">
     <span class='ocr_line' id='line_1_74' title="bbox 505 5594 2045 5670; baseline -0.014 0"><span class='ocrx_word' id='word_1_541' title='bbox 505 5617 680 5670; x_wconf 86' lang='lat' dir='ltr'><strong>dendo</strong></span> <span class='ocrx_word' id='word_1_542' title='bbox 726 5616 1021 5669; x_wconf 87' lang='lat' dir='ltr'><strong>merentur,</strong></span> <span class='ocrx_word' id='word_1_543' title='bbox 1051 5605 1140 5660; x_wconf 87' lang='lat' dir='ltr'><strong>sed</strong></span> <span class='ocrx_word' id='word_1_544' title='bbox 1171 5613 1223 5658; x_wconf 92' lang='lat' dir='ltr'><strong>et</strong></span> <span class='ocrx_word' id='word_1_545' title='bbox 1268 5615 1474 5670; x_wconf 70' lang='lat' dir='ltr'><strong>plenam</strong></span> <span class='ocrx_word' id='word_1_546' title='bbox 1522 5598 1591 5653; x_wconf 84' lang='lat' dir='ltr'><strong>de</strong></span> <span class='ocrx_word' id='word_1_547' title='bbox 1643 5598 1812 5666; x_wconf 83' lang='lat' dir='ltr'><strong>pretio</strong></span> <span class='ocrx_word' id='word_1_548' title='bbox 1860 5594 2045 5650; x_wconf 91' lang='lat' dir='ltr'><strong>salutis</strong></span> 
     </span>
    </p>
   </div>
   <div class='ocr_carea' id='block_1_75' title="bbox 499 5704 1308 5762">
    <p class='ocr_par' dir='ltr' id='par_1_75' title="bbox 499 5704 1308 5762">
     <span class='ocr_line' id='line_1_75' title="bbox 499 5704 1308 5762; baseline -0.02 -1"><span class='ocrx_word' id='word_1_549' title='bbox 499 5704 680 5762; x_wconf 73' lang='lat' dir='ltr'><strong>miseri</strong></span> <span class='ocrx_word' id='word_1_550' title='bbox 712 5707 1012 5755; x_wconf 85' lang='lat' dir='ltr'><strong>mereantur</strong></span> <span class='ocrx_word' id='word_1_551' title='bbox 1038 5705 1308 5748; x_wconf 67' lang='lat' dir='ltr'><strong>asternam.</strong></span> 
     </span>
    </p>
   </div>
   <div class='ocr_carea' id='block_1_76' title="bbox 579 5776 2044 5858">
    <p class='ocr_par' dir='ltr' id='par_1_76' title="bbox 579 5776 2044 5858">
     <span class='ocr_line' id='line_1_76' title="bbox 579 5776 2044 5858; baseline -0.013 -10"><span class='ocrx_word' id='word_1_552' title='bbox 579 5798 639 5858; x_wconf 62' lang='lat' dir='ltr'><strong>rit</strong></span> <span class='ocrx_word' id='word_1_553' title='bbox 686 5787 1133 5855; x_wconf 77' lang='lat' dir='ltr'><strong>romputrescebant</strong></span> <span class='ocrx_word' id='word_1_554' title='bbox 1160 5784 1492 5850; x_wconf 79' lang='lat' dir='ltr'><strong>prominentes</strong></span> <span class='ocrx_word' id='word_1_555' title='bbox 1536 5780 1723 5836; x_wconf 73' lang='lat' dir='ltr'><strong>estates</strong></span> <span class='ocrx_word' id='word_1_556' title='bbox 1751 5795 1942 5833; x_wconf 87' lang='lat' dir='ltr'><strong>eorum.</strong></span> <span class='ocrx_word' id='word_1_557' title='bbox 1982 5776 2044 5835; x_wconf 80' lang='lat' dir='ltr'><strong>Et</strong></span> 
     </span>
    </p>
   </div>
   <div class='ocr_carea' id='block_1_77' title="bbox 2195 1945 3670 2034">
    <p class='ocr_par' dir='ltr' id='par_1_77' title="bbox 2195 1945 3670 2034">
     <span class='ocr_line' id='line_1_77' title="bbox 2195 1945 3670 2034; baseline -0.005 -14"><span class='ocrx_word' id='word_1_558' title='bbox 2195 1967 2262 2020; x_wconf 80' lang='lat' dir='ltr'><strong>Et</strong></span> <span class='ocrx_word' id='word_1_559' title='bbox 2304 1945 2602 2022; x_wconf 80' lang='lat' dir='ltr'><strong>ascendebat</strong></span> <span class='ocrx_word' id='word_1_560' title='bbox 2641 1966 2865 2020; x_wconf 78' lang='lat' dir='ltr'><strong>ululatus</strong></span> <span class='ocrx_word' id='word_1_561' title='bbox 2914 1967 3305 2034; x_wconf 76' lang='lat' dir='ltr'><strong>uniuscujusque</strong></span> <span class='ocrx_word' id='word_1_562' title='bbox 3355 1945 3574 2016; x_wconf 64' lang='lat' dir='ltr'><strong>civitatis</strong></span> <span class='ocrx_word' id='word_1_563' title='bbox 3619 1963 3670 2014; x_wconf 75' lang='lat' dir='ltr'><strong>in</strong></span> 
     </span>
    </p>
   </div>
   <div class='ocr_carea' id='block_1_78' title="bbox 2126 2053 3671 2122">
    <p class='ocr_par' dir='ltr' id='par_1_78' title="bbox 2126 2053 3671 2122">
     <span class='ocr_line' id='line_1_78' title="bbox 2126 2053 3671 2122; baseline -0.003 -13"><span class='ocrx_word' id='word_1_564' title='bbox 2126 2057 2325 2110; x_wconf 70' lang='lat' dir='ltr'><strong>calum.</strong></span> <span class='ocrx_word' id='word_1_565' title='bbox 2382 2058 2444 2109; x_wconf 77' lang='lat' dir='ltr'><strong>Et</strong></span> <span class='ocrx_word' id='word_1_566' title='bbox 2494 2070 2728 2108; x_wconf 85' lang='lat' dir='ltr'><strong>murmur</strong></span> <span class='ocrx_word' id='word_1_567' title='bbox 2776 2065 2935 2122; x_wconf 86' lang='lat' dir='ltr'><strong>atque</strong></span> <span class='ocrx_word' id='word_1_568' title='bbox 2998 2053 3319 2121; x_wconf 87' lang='lat' dir='ltr'><strong>impatientia</strong></span> <span class='ocrx_word' id='word_1_569' title='bbox 3373 2054 3671 2117; x_wconf 82' lang='lat' dir='ltr'><strong>clamorque</strong></span> 
     </span>
    </p>
   </div>
   <div class='ocr_carea' id='block_1_79' title="bbox 2126 2141 3668 2212">
    <p class='ocr_par' dir='ltr' id='par_1_79' title="bbox 2126 2141 3668 2212">
     <span class='ocr_line' id='line_1_79' title="bbox 2126 2141 3668 2212; baseline -0.006 -11"><span class='ocrx_word' id='word_1_570' title='bbox 2126 2145 2485 2201; x_wconf 89' lang='lat' dir='ltr'><strong>Sodomiticus</strong></span> <span class='ocrx_word' id='word_1_571' title='bbox 2514 2145 2648 2197; x_wconf 74' lang='lat' dir='ltr'><strong>falso</strong></span> <span class='ocrx_word' id='word_1_572' title='bbox 2676 2143 2906 2197; x_wconf 77' lang='lat' dir='ltr'><strong>ﬁdelium</strong></span> <span class='ocrx_word' id='word_1_573' title='bbox 2941 2143 3161 2212; x_wconf 82' lang='lat' dir='ltr'><strong>insignis</strong></span> <span class='ocrx_word' id='word_1_574' title='bbox 3187 2142 3485 2209; x_wconf 87' lang='lat' dir='ltr'><strong>quibusque</strong></span> <span class='ocrx_word' id='word_1_575' title='bbox 3515 2141 3668 2200; x_wconf 85' lang='lat' dir='ltr'><strong>locis.</strong></span> 
     </span>
    </p>
   </div>
   <div class='ocr_carea' id='block_1_80' title="bbox 2128 2231 3667 2306">
    <p class='ocr_par' dir='ltr' id='par_1_80' title="bbox 2128 2231 3667 2306">
     <span class='ocr_line' id='line_1_80' title="bbox 2128 2231 3667 2306; baseline -0.006 -16"><span class='ocrx_word' id='word_1_576' title='bbox 2128 2236 2210 2290; x_wconf 88' lang='lat' dir='ltr'><strong>vel</strong></span> <span class='ocrx_word' id='word_1_577' title='bbox 2257 2235 2501 2305; x_wconf 88' lang='lat' dir='ltr'><strong>personis</strong></span> <span class='ocrx_word' id='word_1_578' title='bbox 2525 2274 2541 2300; x_wconf 90' lang='lat'><strong>,</strong></span> <span class='ocrx_word' id='word_1_579' title='bbox 2579 2235 2660 2288; x_wconf 90' lang='lat' dir='ltr'><strong>vel</strong></span> <span class='ocrx_word' id='word_1_580' title='bbox 2712 2243 2856 2287; x_wconf 87' lang='lat' dir='ltr'><strong>certe</strong></span> <span class='ocrx_word' id='word_1_581' title='bbox 2899 2234 3144 2306; x_wconf 80' lang='lat' dir='ltr'><strong>sensibus</strong></span> <span class='ocrx_word' id='word_1_582' title='bbox 3190 2232 3462 2300; x_wconf 88' lang='lat' dir='ltr'><strong>corporis,</strong></span> <span class='ocrx_word' id='word_1_583' title='bbox 3495 2232 3580 2297; x_wconf 91' lang='lat' dir='ltr'><strong>qui</strong></span> <span class='ocrx_word' id='word_1_584' title='bbox 3609 2231 3667 2281; x_wconf 86' lang='lat' dir='ltr'><strong>ad</strong></span> 
     </span>
    </p>
   </div>
   <div class='ocr_carea' id='block_1_81' title="bbox 2132 2319 3670 2388">
    <p class='ocr_par' dir='ltr' id='par_1_81' title="bbox 2132 2319 3670 2388">
     <span class='ocr_line' id='line_1_81' title="bbox 2132 2319 3670 2388; baseline -0.007 -8"><span class='ocrx_word' id='word_1_585' title='bbox 2132 2340 2409 2380; x_wconf 87' lang='lat' dir='ltr'><strong>numerum</strong></span> <span class='ocrx_word' id='word_1_586' title='bbox 2439 2325 2709 2380; x_wconf 87' lang='lat' dir='ltr'><strong>civitatum</strong></span> <span class='ocrx_word' id='word_1_587' title='bbox 2743 2324 3064 2378; x_wconf 85' lang='lat' dir='ltr'><strong>Pbilisthiim</strong></span> <span class='ocrx_word' id='word_1_588' title='bbox 3093 2323 3321 2388; x_wconf 88' lang='lat' dir='ltr'><strong>quinque</strong></span> <span class='ocrx_word' id='word_1_589' title='bbox 3369 2329 3526 2384; x_wconf 91' lang='lat' dir='ltr'><strong>sunt,</strong></span> <span class='ocrx_word' id='word_1_590' title='bbox 3568 2319 3670 2370; x_wconf 56' lang='lat' dir='ltr'><strong>dis-</strong></span> 
     </span>
    </p>
   </div>
   <div class='ocr_carea' id='block_1_82' title="bbox 2131 2410 3666 2482">
    <p class='ocr_par' dir='ltr' id='par_1_82' title="bbox 2131 2410 3666 2482">
     <span class='ocr_line' id='line_1_82' title="bbox 2131 2410 3666 2482; baseline -0.007 -11"><span class='ocrx_word' id='word_1_591' title='bbox 2131 2419 2348 2473; x_wconf 81' lang='lat' dir='ltr'><strong>trietum</strong></span> <span class='ocrx_word' id='word_1_592' title='bbox 2393 2416 2623 2482; x_wconf 75' lang='lat' dir='ltr'><strong>iudicem</strong></span> <span class='ocrx_word' id='word_1_593' title='bbox 2674 2414 2837 2467; x_wconf 88' lang='lat' dir='ltr'><strong>latere</strong></span> <span class='ocrx_word' id='word_1_594' title='bbox 2889 2426 3151 2478; x_wconf 86' lang='lat' dir='ltr'><strong>nunquam</strong></span> <span class='ocrx_word' id='word_1_595' title='bbox 3200 2410 3376 2470; x_wconf 79' lang='lat' dir='ltr'><strong>valet,</strong></span> <span class='ocrx_word' id='word_1_596' title='bbox 3430 2410 3518 2475; x_wconf 92' lang='lat' dir='ltr'><strong>qui</strong></span> <span class='ocrx_word' id='word_1_597' title='bbox 3568 2416 3666 2460; x_wconf 82' lang='lat' dir='ltr'><strong>tre—</strong></span> 
     </span>
    </p>
   </div>
   <div class='ocr_carea' id='block_1_83' title="bbox 2130 2499 3663 2570">
    <p class='ocr_par' dir='ltr' id='par_1_83' title="bbox 2130 2499 3663 2570">
     <span class='ocr_line' id='line_1_83' title="bbox 2130 2499 3663 2570; baseline -0.008 -8"><span class='ocrx_word' id='word_1_598' title='bbox 2130 2507 2322 2562; x_wconf 86' lang='lat' dir='ltr'><strong>menda</strong></span> <span class='ocrx_word' id='word_1_599' title='bbox 2369 2506 2629 2560; x_wconf 86' lang='lat' dir='ltr'><strong>sententia</strong></span> <span class='ocrx_word' id='word_1_600' title='bbox 2674 2513 2878 2570; x_wconf 85' lang='lat' dir='ltr'><strong>tempus</strong></span> <span class='ocrx_word' id='word_1_601' title='bbox 2922 2500 3218 2568; x_wconf 68' lang='lat' dir='ltr'><strong>huiusmodi</strong></span> <span class='ocrx_word' id='word_1_602' title='bbox 3271 2499 3663 2565; x_wconf 68' lang='lat' dir='ltr'><strong>pmnuntians:</strong></span> 
     </span>
    </p>
   </div>
   <div class='ocr_carea' id='block_1_84' title="bbox 2131 2589 3667 2661">
    <p class='ocr_par' dir='ltr' id='par_1_84' title="bbox 2131 2589 3667 2661">
     <span class='ocr_line' id='line_1_84' title="bbox 2131 2589 3667 2661; baseline -0.006 -10"><span class='ocrx_word' id='word_1_603' title='bbox 2131 2597 2504 2651; x_wconf 73' lang='lat' dir='ltr'><strong>Verumtamen</strong></span> <span class='ocrx_word' id='word_1_604' title='bbox 2535 2636 2546 2659; x_wconf 85' lang='lat'><strong>,</strong></span> <span class='ocrx_word' id='word_1_605' title='bbox 2577 2594 2762 2661; x_wconf 90' lang='lat' dir='ltr'><strong>inquit,</strong></span> <span class='ocrx_word' id='word_1_606' title='bbox 2796 2589 2963 2644; x_wconf 85' lang='lat' dir='ltr'><strong>Filius</strong></span> <span class='ocrx_word' id='word_1_607' title='bbox 3000 2589 3216 2644; x_wconf 78' lang='lat' dir='ltr'><strong>hominis</strong></span> <span class='ocrx_word' id='word_1_608' title='bbox 3262 2591 3461 2642; x_wconf 82' lang='lat' dir='ltr'><strong>veniens</strong></span> <span class='ocrx_word' id='word_1_609' title='bbox 3483 2631 3497 2654; x_wconf 89' lang='lat'><strong>,</strong></span> <span class='ocrx_word' id='word_1_610' title='bbox 3527 2599 3667 2654; x_wconf 82' lang='lat' dir='ltr'><strong>putas</strong></span> 
     </span>
    </p>
   </div>
   <div class='ocr_carea' id='block_1_85' title="bbox 2131 2682 3150 2754">
    <p class='ocr_par' dir='ltr' id='par_1_85' title="bbox 2131 2682 3150 2754">
     <span class='ocr_line' id='line_1_85' title="bbox 2131 2682 3150 2754; baseline -0.008 -13"><span class='ocrx_word' id='word_1_611' title='bbox 2131 2690 2348 2742; x_wconf 77' lang='lat' dir='ltr'><strong>inveniet</strong></span> <span class='ocrx_word' id='word_1_612' title='bbox 2377 2687 2527 2754; x_wconf 83' lang='lat' dir='ltr'><strong>ﬁdem</strong></span> <span class='ocrx_word' id='word_1_613' title='bbox 2559 2687 2612 2738; x_wconf 88' lang='lat' dir='ltr'><strong>in</strong></span> <span class='ocrx_word' id='word_1_614' title='bbox 2639 2698 2772 2737; x_wconf 85' lang='lat' dir='ltr'><strong>terra</strong></span> <span class='ocrx_word' id='word_1_615' title='bbox 2801 2682 2948 2750; x_wconf 83' lang='lat' dir='ltr'><strong>(Luc.</strong></span> <span class='ocrx_word' id='word_1_616' title='bbox 2980 2685 3150 2742; x_wconf 84' lang='lat' dir='ltr'><strong>xvul.)</strong></span> 
     </span>
    </p>
   </div>
   <div class='ocr_carea' id='block_1_86' title="bbox 2202 2766 3670 2846">
    <p class='ocr_par' dir='ltr' id='par_1_86' title="bbox 2202 2766 3670 2846">
     <span class='ocr_line' id='line_1_86' title="bbox 2202 2766 3670 2846; baseline -0.01 -16"><span class='ocrx_word' id='word_1_617' title='bbox 2202 2777 2243 2844; x_wconf 90' lang='lat' dir='ltr'><strong>(I</strong></span> <span class='ocrx_word' id='word_1_618' title='bbox 2276 2775 2403 2846; x_wconf 81' lang='lat' dir='ltr'><strong>lleg.</strong></span> <span class='ocrx_word' id='word_1_619' title='bbox 2434 2774 2533 2843; x_wconf 80' lang='lat' dir='ltr'><strong>vr.)</strong></span> <span class='ocrx_word' id='word_1_620' title='bbox 2563 2771 2681 2825; x_wconf 83' lang='lat' dir='ltr'><strong>Fuit</strong></span> <span class='ocrx_word' id='word_1_621' title='bbox 2714 2788 2832 2842; x_wconf 81' lang='lat' dir='ltr'><strong>ergo</strong></span> <span class='ocrx_word' id='word_1_622' title='bbox 2873 2788 2990 2823; x_wconf 88' lang='lat' dir='ltr'><strong>arca</strong></span> <span class='ocrx_word' id='word_1_623' title='bbox 3010 2767 3213 2822; x_wconf 87' lang='lat' dir='ltr'><strong>Domini</strong></span> <span class='ocrx_word' id='word_1_624' title='bbox 3242 2769 3292 2822; x_wconf 90' lang='lat' dir='ltr'><strong>in</strong></span> <span class='ocrx_word' id='word_1_625' title='bbox 3318 2769 3521 2838; x_wconf 82' lang='lat' dir='ltr'><strong>regione</strong></span> <span class='ocrx_word' id='word_1_626' title='bbox 3550 2766 3670 2820; x_wconf 81' lang='lat' dir='ltr'><strong>Phi-</strong></span> 
     </span>
    </p>
   </div>
   <div class='ocr_carea' id='block_1_87' title="bbox 2133 2857 3664 2932">
    <p class='ocr_par' dir='ltr' id='par_1_87' title="bbox 2133 2857 3664 2932">
     <span class='ocr_line' id='line_1_87' title="bbox 2133 2857 3664 2932; baseline -0.011 -10"><span class='ocrx_word' id='word_1_627' title='bbox 2133 2867 2450 2922; x_wconf 70' lang='lat' dir='ltr'><strong>listhinortmt</strong></span> <span class='ocrx_word' id='word_1_628' title='bbox 2487 2871 2674 2932; x_wconf 63' lang='lat' dir='ltr'><strong>septem</strong></span> <span class='ocrx_word' id='word_1_629' title='bbox 2717 2861 2988 2913; x_wconf 71' lang='lat' dir='ltr'><strong>mensibus.</strong></span> <span class='ocrx_word' id='word_1_630' title='bbox 3033 2859 3244 2924; x_wconf 83' lang='lat' dir='ltr'><strong>Septem</strong></span> <span class='ocrx_word' id='word_1_631' title='bbox 3275 2857 3664 2911; x_wconf 79' lang='lat' dir='ltr'><strong>universitatem</strong></span> 
     </span>
    </p>
   </div>
   <div class='ocr_carea' id='block_1_88' title="bbox 2133 2948 3670 3026">
    <p class='ocr_par' dir='ltr' id='par_1_88' title="bbox 2133 2948 3670 3026">
     <span class='ocr_line' id='line_1_88' title="bbox 2133 2948 3670 3026; baseline -0.008 -15"><span class='ocrx_word' id='word_1_632' title='bbox 2133 2958 2208 3013; x_wconf 89' lang='lat' dir='ltr'><strong>rei</strong></span> <span class='ocrx_word' id='word_1_633' title='bbox 2238 2956 2514 3026; x_wconf 83' lang='lat' dir='ltr'><strong>cujusque,</strong></span> <span class='ocrx_word' id='word_1_634' title='bbox 2543 2952 2655 3006; x_wconf 87' lang='lat' dir='ltr'><strong>sive</strong></span> <span class='ocrx_word' id='word_1_635' title='bbox 2685 2952 2957 3018; x_wconf 86' lang='lat' dir='ltr'><strong>temporis,</strong></span> <span class='ocrx_word' id='word_1_636' title='bbox 2991 2956 3082 3002; x_wconf 91' lang='lat' dir='ltr'><strong>aut</strong></span> <span class='ocrx_word' id='word_1_637' title='bbox 3126 2948 3351 3014; x_wconf 85' lang='lat' dir='ltr'><strong>numeri,</strong></span> <span class='ocrx_word' id='word_1_638' title='bbox 3392 2961 3484 3000; x_wconf 87' lang='lat' dir='ltr'><strong>seu</strong></span> <span class='ocrx_word' id='word_1_639' title='bbox 3534 2954 3670 3000; x_wconf 81' lang='lat' dir='ltr'><strong>certe</strong></span> 
     </span>
    </p>
   </div>
   <div class='ocr_carea' id='block_1_89' title="bbox 2135 3039 3668 3117">
    <p class='ocr_par' dir='ltr' id='par_1_89' title="bbox 2135 3039 3668 3117">
     <span class='ocr_line' id='line_1_89' title="bbox 2135 3039 3668 3117; baseline -0.006 -16"><span class='ocrx_word' id='word_1_640' title='bbox 2135 3046 2510 3117; x_wconf 88' lang='lat' dir='ltr'><strong>plenitudinem</strong></span> <span class='ocrx_word' id='word_1_641' title='bbox 2560 3044 2743 3114; x_wconf 70' lang='lat' dir='ltr'><strong>gratiae</strong></span> <span class='ocrx_word' id='word_1_642' title='bbox 2794 3039 3078 3109; x_wconf 85' lang='lat' dir='ltr'><strong>spiritualis</strong></span> <span class='ocrx_word' id='word_1_643' title='bbox 3134 3039 3433 3104; x_wconf 83' lang='lat' dir='ltr'><strong>exprimere</strong></span> <span class='ocrx_word' id='word_1_644' title='bbox 3481 3040 3668 3092; x_wconf 82' lang='lat' dir='ltr'><strong>solent.</strong></span> 
     </span>
    </p>
   </div>
   <div class='ocr_carea' id='block_1_90' title="bbox 2138 3128 3667 3201">
    <p class='ocr_par' dir='ltr' id='par_1_90' title="bbox 2138 3128 3667 3201">
     <span class='ocr_line' id='line_1_90' title="bbox 2138 3128 3667 3201; baseline -0.01 -8"><span class='ocrx_word' id='word_1_645' title='bbox 2138 3137 2331 3193; x_wconf 80' lang='lat' dir='ltr'><strong>Mensis</strong></span> <span class='ocrx_word' id='word_1_646' title='bbox 2357 3146 2531 3190; x_wconf 89' lang='lat' dir='ltr'><strong>autem</strong></span> <span class='ocrx_word' id='word_1_647' title='bbox 2575 3133 2663 3201; x_wconf 92' lang='lat' dir='ltr'><strong>qui</strong></span> <span class='ocrx_word' id='word_1_648' title='bbox 2693 3139 2963 3186; x_wconf 84' lang='lat' dir='ltr'><strong>cremento</strong></span> <span class='ocrx_word' id='word_1_649' title='bbox 3005 3141 3066 3182; x_wconf 88' lang='lat' dir='ltr'><strong>ac</strong></span> <span class='ocrx_word' id='word_1_650' title='bbox 3109 3129 3453 3182; x_wconf 87' lang='lat' dir='ltr'><strong>decrementa</strong></span> <span class='ocrx_word' id='word_1_651' title='bbox 3481 3128 3667 3179; x_wconf 85' lang='lat' dir='ltr'><strong>lunaris</strong></span> 
     </span>
    </p>
   </div>
   <div class='ocr_carea' id='block_1_91' title="bbox 2137 3216 3674 3288">
    <p class='ocr_par' dir='ltr' id='par_1_91' title="bbox 2137 3216 3674 3288">
     <span class='ocr_line' id='line_1_91' title="bbox 2137 3216 3674 3288; baseline -0.012 -4"><span class='ocrx_word' id='word_1_652' title='bbox 2137 3229 2347 3284; x_wconf 89' lang='lat' dir='ltr'><strong>luminis</strong></span> <span class='ocrx_word' id='word_1_653' title='bbox 2374 3226 2624 3288; x_wconf 89' lang='lat' dir='ltr'><strong>variatur,</strong></span> <span class='ocrx_word' id='word_1_654' title='bbox 2660 3231 2857 3277; x_wconf 89' lang='lat' dir='ltr'><strong>statum</strong></span> <span class='ocrx_word' id='word_1_655' title='bbox 2898 3216 3149 3273; x_wconf 67' lang='lat' dir='ltr'><strong>Ecclesiae</strong></span> <span class='ocrx_word' id='word_1_656' title='bbox 3189 3217 3327 3270; x_wconf 88' lang='lat' dir='ltr'><strong>inter</strong></span> <span class='ocrx_word' id='word_1_657' title='bbox 3356 3229 3601 3283; x_wconf 85' lang='lat' dir='ltr'><strong>prospera</strong></span> <span class='ocrx_word' id='word_1_658' title='bbox 3625 3224 3674 3267; x_wconf 90' lang='lat' dir='ltr'><strong>et</strong></span> 
     </span>
    </p>
   </div>
   <div class='ocr_carea' id='block_1_92' title="bbox 2132 3304 3673 3379">
    <p class='ocr_par' dir='ltr' id='par_1_92' title="bbox 2132 3304 3673 3379">
     <span class='ocr_line' id='line_1_92' title="bbox 2132 3304 3673 3379; baseline -0.011 -6"><span class='ocrx_word' id='word_1_659' title='bbox 2132 3323 2350 3375; x_wconf 87' lang='lat' dir='ltr'><strong>adversa</strong></span> <span class='ocrx_word' id='word_1_660' title='bbox 2401 3313 2712 3379; x_wconf 87' lang='lat' dir='ltr'><strong>laborantis,</strong></span> <span class='ocrx_word' id='word_1_661' title='bbox 2759 3309 2852 3365; x_wconf 90' lang='lat' dir='ltr'><strong>sed</strong></span> <span class='ocrx_word' id='word_1_662' title='bbox 2903 3321 3168 3377; x_wconf 87' lang='lat' dir='ltr'><strong>nunquam</strong></span> <span class='ocrx_word' id='word_1_663' title='bbox 3216 3319 3246 3358; x_wconf 93' lang='lat' dir='ltr'><strong>a</strong></span> <span class='ocrx_word' id='word_1_664' title='bbox 3292 3304 3422 3359; x_wconf 90' lang='lat' dir='ltr'><strong>Sole</strong></span> <span class='ocrx_word' id='word_1_665' title='bbox 3464 3305 3673 3371; x_wconf 58' lang='lat' dir='ltr'><strong>justiti:</strong></span> 
     </span>
    </p>
   </div>
   <div class='ocr_carea' id='block_1_93' title="bbox 2133 3395 3671 3472">
    <p class='ocr_par' dir='ltr' id='par_1_93' title="bbox 2133 3395 3671 3472">
     <span class='ocr_line' id='line_1_93' title="bbox 2133 3395 3671 3472; baseline -0.012 -9"><span class='ocrx_word' id='word_1_666' title='bbox 2133 3407 2450 3472; x_wconf 82' lang='lat' dir='ltr'><strong>deﬁcientis,</strong></span> <span class='ocrx_word' id='word_1_667' title='bbox 2495 3405 2744 3459; x_wconf 89' lang='lat' dir='ltr'><strong>insinuat.</strong></span> <span class='ocrx_word' id='word_1_668' title='bbox 2776 3399 2896 3454; x_wconf 86' lang='lat' dir='ltr'><strong>Fuit</strong></span> <span class='ocrx_word' id='word_1_669' title='bbox 2946 3411 3094 3466; x_wconf 88' lang='lat' dir='ltr'><strong>ergo,</strong></span> <span class='ocrx_word' id='word_1_670' title='bbox 3125 3403 3178 3450; x_wconf 90' lang='lat' dir='ltr'><strong>et</strong></span> <span class='ocrx_word' id='word_1_671' title='bbox 3229 3395 3396 3448; x_wconf 78' lang='lat' dir='ltr'><strong>futura</strong></span> <span class='ocrx_word' id='word_1_672' title='bbox 3440 3405 3517 3447; x_wconf 88' lang='lat' dir='ltr'><strong>est</strong></span> <span class='ocrx_word' id='word_1_673' title='bbox 3561 3407 3671 3445; x_wconf 71' lang='lat' dir='ltr'><strong>arm</strong></span> 
     </span>
    </p>
   </div>
   <div class='ocr_carea' id='block_1_94' title="bbox 2137 3485 3672 3562">
    <p class='ocr_par' dir='ltr' id='par_1_94' title="bbox 2137 3485 3672 3562">
     <span class='ocr_line' id='line_1_94' title="bbox 2137 3485 3672 3562; baseline -0.014 -7"><span class='ocrx_word' id='word_1_674' title='bbox 2137 3499 2419 3554; x_wconf 71' lang='lat' dir='ltr'><strong>Dominicat</strong></span> <span class='ocrx_word' id='word_1_675' title='bbox 2445 3496 2564 3550; x_wconf 76' lang='lat' dir='ltr'><strong>ﬁdei</strong></span> <span class='ocrx_word' id='word_1_676' title='bbox 2595 3496 2647 3548; x_wconf 92' lang='lat' dir='ltr'><strong>in</strong></span> <span class='ocrx_word' id='word_1_677' title='bbox 2673 3492 2916 3562; x_wconf 89' lang='lat' dir='ltr'><strong>gentibus</strong></span> <span class='ocrx_word' id='word_1_678' title='bbox 2943 3489 3190 3542; x_wconf 88' lang='lat' dir='ltr'><strong>universo</strong></span> <span class='ocrx_word' id='word_1_679' title='bbox 3220 3496 3459 3550; x_wconf 87' lang='lat' dir='ltr'><strong>tempore</strong></span> <span class='ocrx_word' id='word_1_680' title='bbox 3481 3485 3672 3542; x_wconf 72' lang='lat' dir='ltr'><strong>muli.</strong></span> 
     </span>
    </p>
   </div>
   <div class='ocr_carea' id='block_1_95' title="bbox 2133 3571 3674 3659">
    <p class='ocr_par' dir='ltr' id='par_1_95' title="bbox 2133 3571 3674 3659">
     <span class='ocr_line' id='line_1_95' title="bbox 2133 3571 3674 3659; baseline -0.014 -15"><span class='ocrx_word' id='word_1_681' title='bbox 2133 3603 2238 3659; x_wconf 90' lang='lat' dir='ltr'><strong>quo</strong></span> <span class='ocrx_word' id='word_1_682' title='bbox 2283 3587 2452 3657; x_wconf 90' lang='lat' dir='ltr'><strong>gratia</strong></span> <span class='ocrx_word' id='word_1_683' title='bbox 2509 3583 2734 3652; x_wconf 88' lang='lat' dir='ltr'><strong>Spiritus</strong></span> <span class='ocrx_word' id='word_1_684' title='bbox 2783 3579 2947 3633; x_wconf 90' lang='lat' dir='ltr'><strong>sancti</strong></span> <span class='ocrx_word' id='word_1_685' title='bbox 3001 3573 3334 3644; x_wconf 86' lang='lat' dir='ltr'><strong>septilormis</strong></span> <span class='ocrx_word' id='word_1_686' title='bbox 3390 3571 3674 3625; x_wconf 77' lang='lat' dir='ltr'><strong>Ecclesiam</strong></span> 
     </span>
    </p>
   </div>
   <div class='ocr_carea' id='block_1_96' title="bbox 2135 3663 3676 3751">
    <p class='ocr_par' dir='ltr' id='par_1_96' title="bbox 2135 3663 3676 3751">
     <span class='ocr_line' id='line_1_96' title="bbox 2135 3663 3676 3751; baseline -0.014 -16"><span class='ocrx_word' id='word_1_687' title='bbox 2135 3680 2376 3751; x_wconf 90' lang='lat' dir='ltr'><strong>implere,</strong></span> <span class='ocrx_word' id='word_1_688' title='bbox 2419 3687 2473 3732; x_wconf 89' lang='lat' dir='ltr'><strong>et</strong></span> <span class='ocrx_word' id='word_1_689' title='bbox 2509 3677 2574 3729; x_wconf 89' lang='lat' dir='ltr'><strong>ad</strong></span> <span class='ocrx_word' id='word_1_690' title='bbox 2616 3672 2892 3727; x_wconf 89' lang='lat' dir='ltr'><strong>lncendum</strong></span> <span class='ocrx_word' id='word_1_691' title='bbox 2959 3667 3184 3722; x_wconf 68' lang='lat' dir='ltr'><strong>infirmis</strong></span> <span class='ocrx_word' id='word_1_692' title='bbox 3227 3666 3375 3735; x_wconf 84' lang='lat' dir='ltr'><strong>quasi</strong></span> <span class='ocrx_word' id='word_1_693' title='bbox 3432 3663 3676 3730; x_wconf 72' lang='lat' dir='ltr'><strong>snhjertis</strong></span> 
     </span>
    </p>
   </div>
   <div class='ocr_carea' id='block_1_97' title="bbox 2133 3751 3674 3830">
    <p class='ocr_par' dir='ltr' id='par_1_97' title="bbox 2133 3751 3674 3830">
     <span class='ocr_line' id='line_1_97' title="bbox 2133 3751 3674 3830; baseline -0.016 -3"><span class='ocrx_word' id='word_1_694' title='bbox 2133 3773 2236 3827; x_wconf 89' lang='lat' dir='ltr'><strong>sibi</strong></span> <span class='ocrx_word' id='word_1_695' title='bbox 2265 3769 2417 3826; x_wconf 88' lang='lat' dir='ltr'><strong>terris</strong></span> <span class='ocrx_word' id='word_1_696' title='bbox 2445 3767 2707 3820; x_wconf 86' lang='lat' dir='ltr'><strong>illustrare</strong></span> <span class='ocrx_word' id='word_1_697' title='bbox 2731 3759 3048 3830; x_wconf 81' lang='lat' dir='ltr'><strong>dignabitur.</strong></span> <span class='ocrx_word' id='word_1_698' title='bbox 3073 3756 3179 3812; x_wconf 89' lang='lat' dir='ltr'><strong>Sed</strong></span> <span class='ocrx_word' id='word_1_699' title='bbox 3205 3766 3257 3809; x_wconf 91' lang='lat' dir='ltr'><strong>et</strong></span> <span class='ocrx_word' id='word_1_700' title='bbox 3279 3756 3429 3822; x_wconf 82' lang='lat' dir='ltr'><strong>juxta</strong></span> <span class='ocrx_word' id='word_1_701' title='bbox 3455 3751 3674 3805; x_wconf 82' lang='lat' dir='ltr'><strong>litteram</strong></span> 
     </span>
    </p>
   </div>
   <div class='ocr_carea' id='block_1_98' title="bbox 2139 3839 3673 3931">
    <p class='ocr_par' dir='ltr' id='par_1_98' title="bbox 2139 3839 3673 3931">
     <span class='ocr_line' id='line_1_98' title="bbox 2139 3839 3673 3931; baseline -0.016 -15"><span class='ocrx_word' id='word_1_702' title='bbox 2139 3874 2370 3931; x_wconf 69' lang='lat' dir='ltr'><strong>praesens</strong></span> <span class='ocrx_word' id='word_1_703' title='bbox 2401 3858 2576 3918; x_wconf 87' lang='lat' dir='ltr'><strong>lectio,</strong></span> <span class='ocrx_word' id='word_1_704' title='bbox 2611 3868 2726 3922; x_wconf 76' lang='lat' dir='ltr'><strong>qua:</strong></span> <span class='ocrx_word' id='word_1_705' title='bbox 2760 3849 3094 3905; x_wconf 70' lang='lat' dir='ltr'><strong>Philisthaios</strong></span> <span class='ocrx_word' id='word_1_706' title='bbox 3135 3859 3272 3900; x_wconf 66' lang='lat' dir='ltr'><strong>arca:</strong></span> <span class='ocrx_word' id='word_1_707' title='bbox 3319 3843 3522 3896; x_wconf 86' lang='lat' dir='ltr'><strong>Domini</strong></span> <span class='ocrx_word' id='word_1_708' title='bbox 3552 3839 3673 3892; x_wconf 83' lang='lat' dir='ltr'><strong>vici-</strong></span> 
     </span>
    </p>
   </div>
   <div class='ocr_carea' id='block_1_99' title="bbox 2137 3929 3673 4018">
    <p class='ocr_par' dir='ltr' id='par_1_99' title="bbox 2137 3929 3673 4018">
     <span class='ocr_line' id='line_1_99' title="bbox 2137 3929 3673 4018; baseline -0.017 -13"><span class='ocrx_word' id='word_1_709' title='bbox 2137 3929 2219 4005; x_wconf 84' lang='lat' dir='ltr'><strong>nia</strong></span> <span class='ocrx_word' id='word_1_710' title='bbox 2269 3961 2547 4018; x_wconf 88' lang='lat' dir='ltr'><strong>percussos</strong></span> <span class='ocrx_word' id='word_1_711' title='bbox 2586 3952 2788 4008; x_wconf 86' lang='lat' dir='ltr'><strong>narrat,</strong></span> <span class='ocrx_word' id='word_1_712' title='bbox 2821 3941 2971 3994; x_wconf 89' lang='lat' dir='ltr'><strong>docet</strong></span> <span class='ocrx_word' id='word_1_713' title='bbox 3015 3953 3083 3991; x_wconf 89' lang='lat' dir='ltr'><strong>ne</strong></span> <span class='ocrx_word' id='word_1_714' title='bbox 3129 3932 3433 3988; x_wconf 88' lang='lat' dir='ltr'><strong>immundus</strong></span> <span class='ocrx_word' id='word_1_715' title='bbox 3462 3929 3673 3996; x_wconf 87' lang='lat' dir='ltr'><strong>quilibet</strong></span> 
     </span>
    </p>
   </div>
   <div class='ocr_carea' id='block_1_100' title="bbox 2140 4020 3675 4108">
    <p class='ocr_par' dir='ltr' id='par_1_100' title="bbox 2140 4020 3675 4108">
     <span class='ocr_line' id='line_1_100' title="bbox 2140 4020 3675 4108; baseline -0.016 -12"><span class='ocrx_word' id='word_1_716' title='bbox 2140 4043 2335 4096; x_wconf 88' lang='lat' dir='ltr'><strong>sanctis</strong></span> <span class='ocrx_word' id='word_1_717' title='bbox 2376 4036 2710 4108; x_wconf 87' lang='lat' dir='ltr'><strong>appropiare.</strong></span> <span class='ocrx_word' id='word_1_718' title='bbox 2748 4039 3062 4101; x_wconf 70' lang='lat' dir='ltr'><strong>praesumat;</strong></span> <span class='ocrx_word' id='word_1_719' title='bbox 3107 4027 3200 4080; x_wconf 89' lang='lat' dir='ltr'><strong>sed</strong></span> <span class='ocrx_word' id='word_1_720' title='bbox 3254 4026 3549 4095; x_wconf 86' lang='lat' dir='ltr'><strong>quicunque</strong></span> <span class='ocrx_word' id='word_1_721' title='bbox 3599 4020 3675 4072; x_wconf 78' lang='lat' dir='ltr'><strong>vel</strong></span> 
     </span>
    </p>
   </div>
   <div class='ocr_carea' id='block_1_101' title="bbox 2136 4110 3676 4193">
    <p class='ocr_par' dir='ltr' id='par_1_101' title="bbox 2136 4110 3676 4193">
     <span class='ocr_line' id='line_1_101' title="bbox 2136 4110 3676 4193; baseline -0.018 -4"><span class='ocrx_word' id='word_1_722' title='bbox 2136 4121 2458 4188; x_wconf 78' lang='lat' dir='ltr'><strong>dominicum</strong></span> <span class='ocrx_word' id='word_1_723' title='bbox 2504 4140 2694 4193; x_wconf 90' lang='lat' dir='ltr'><strong>corpus</strong></span> <span class='ocrx_word' id='word_1_724' title='bbox 2734 4123 2992 4188; x_wconf 87' lang='lat' dir='ltr'><strong>accipere,</strong></span> <span class='ocrx_word' id='word_1_725' title='bbox 3039 4118 3120 4187; x_wconf 88' lang='lat' dir='ltr'><strong>vel</strong></span> <span class='ocrx_word' id='word_1_726' title='bbox 3171 4113 3525 4168; x_wconf 86' lang='lat' dir='ltr'><strong>sacratissima</strong></span> <span class='ocrx_word' id='word_1_727' title='bbox 3566 4110 3676 4177; x_wconf 81' lang='lat' dir='ltr'><strong>ejus</strong></span> 
     </span>
    </p>
   </div>
   <div class='ocr_carea' id='block_1_102' title="bbox 2139 4202 3672 4281">
    <p class='ocr_par' dir='ltr' id='par_1_102' title="bbox 2139 4202 3672 4281">
     <span class='ocr_line' id='line_1_102' title="bbox 2139 4202 3672 4281; baseline -0.021 0"><span class='ocrx_word' id='word_1_728' title='bbox 2139 4228 2275 4281; x_wconf 79' lang='lat' dir='ltr'><strong>dicta</strong></span> <span class='ocrx_word' id='word_1_729' title='bbox 2301 4229 2523 4276; x_wconf 83' lang='lat' dir='ltr'><strong>tractare</strong></span> <span class='ocrx_word' id='word_1_730' title='bbox 2553 4213 2794 4276; x_wconf 78' lang='lat' dir='ltr'><strong>voluerit,</strong></span> <span class='ocrx_word' id='word_1_731' title='bbox 2824 4213 2992 4281; x_wconf 77' lang='lat' dir='ltr'><strong>probet</strong></span> <span class='ocrx_word' id='word_1_732' title='bbox 3028 4208 3266 4275; x_wconf 82' lang='lat' dir='ltr'><strong>seipsunt,</strong></span> <span class='ocrx_word' id='word_1_733' title='bbox 3293 4212 3341 4257; x_wconf 86' lang='lat' dir='ltr'><strong>et</strong></span> <span class='ocrx_word' id='word_1_734' title='bbox 3370 4203 3441 4255; x_wconf 75' lang='lat' dir='ltr'><strong>sic</strong></span> <span class='ocrx_word' id='word_1_735' title='bbox 3462 4202 3522 4253; x_wconf 82' lang='lat' dir='ltr'><strong>de</strong></span> <span class='ocrx_word' id='word_1_736' title='bbox 3551 4214 3672 4265; x_wconf 81' lang='lat' dir='ltr'><strong>pane</strong></span> 
     </span>
    </p>
   </div>
   <div class='ocr_carea' id='block_1_103' title="bbox 2139 4302 3674 4378">
    <p class='ocr_par' dir='ltr' id='par_1_103' title="bbox 2139 4302 3674 4378">
     <span class='ocr_line' id='line_1_103' title="bbox 2139 4302 3674 4378; baseline -0.021 -5"><span class='ocrx_word' id='word_1_737' title='bbox 2139 4319 2228 4373; x_wconf 89' lang='lat' dir='ltr'><strong>illo</strong></span> <span class='ocrx_word' id='word_1_738' title='bbox 2255 4317 2394 4378; x_wconf 84' lang='lat' dir='ltr'><strong>edat,</strong></span> <span class='ocrx_word' id='word_1_739' title='bbox 2416 4310 2546 4365; x_wconf 77' lang='lat' dir='ltr'><strong>etde</strong></span> <span class='ocrx_word' id='word_1_740' title='bbox 2574 4306 2728 4360; x_wconf 83' lang='lat' dir='ltr'><strong>calice</strong></span> <span class='ocrx_word' id='word_1_741' title='bbox 2766 4305 2917 4365; x_wconf 82' lang='lat' dir='ltr'><strong>bibat,</strong></span> <span class='ocrx_word' id='word_1_742' title='bbox 2946 4302 3245 4370; x_wconf 82' lang='lat' dir='ltr'><strong>castigetque</strong></span> <span class='ocrx_word' id='word_1_743' title='bbox 3286 4311 3470 4362; x_wconf 79' lang='lat' dir='ltr'><strong>corpus</strong></span> <span class='ocrx_word' id='word_1_744' title='bbox 3513 4306 3674 4348; x_wconf 74' lang='lat' dir='ltr'><strong>suum.</strong></span> 
     </span>
    </p>
   </div>
   <div class='ocr_carea' id='block_1_104' title="bbox 2141 4382 3679 4470">
    <p class='ocr_par' dir='ltr' id='par_1_104' title="bbox 2141 4382 3679 4470">
     <span class='ocr_line' id='line_1_104' title="bbox 2141 4382 3679 4470; baseline -0.021 -8"><span class='ocrx_word' id='word_1_745' title='bbox 2141 4417 2187 4462; x_wconf 86' lang='lat' dir='ltr'><strong>et</strong></span> <span class='ocrx_word' id='word_1_746' title='bbox 2215 4401 2438 4460; x_wconf 73' lang='lat' dir='ltr'><strong>servituti</strong></span> <span class='ocrx_word' id='word_1_747' title='bbox 2479 4397 2745 4470; x_wconf 85' lang='lat' dir='ltr'><strong>subjiciat,</strong></span> <span class='ocrx_word' id='word_1_748' title='bbox 2789 4409 2848 4446; x_wconf 88' lang='lat' dir='ltr'><strong>ne</strong></span> <span class='ocrx_word' id='word_1_749' title='bbox 2890 4393 3017 4462; x_wconf 76' lang='lat' dir='ltr'><strong>forte</strong></span> <span class='ocrx_word' id='word_1_750' title='bbox 3068 4390 3184 4442; x_wconf 82' lang='lat' dir='ltr'><strong>aliis</strong></span> <span class='ocrx_word' id='word_1_751' title='bbox 3229 4385 3532 4457; x_wconf 73' lang='lat' dir='ltr'><strong>prcdicans,</strong></span> <span class='ocrx_word' id='word_1_752' title='bbox 3579 4382 3679 4450; x_wconf 75' lang='lat' dir='ltr'><strong>ipsa</strong></span> 
     </span>
    </p>
   </div>
   <div class='ocr_carea' id='block_1_105' title="bbox 2069 4480 3070 4578">
    <p class='ocr_par' dir='ltr' id='par_1_105' title="bbox 2069 4480 3070 4578">
     <span class='ocr_line' id='line_1_105' title="bbox 2069 4480 3070 4578; baseline -0.016 -30"><span class='ocrx_word' id='word_1_753' title='bbox 2069 4521 2120 4578; x_wconf 73' lang='grc' dir='ltr'>υ</span> <span class='ocrx_word' id='word_1_754' title='bbox 2142 4494 2379 4565; x_wconf 82' lang='lat' dir='ltr'><strong>reprobus</strong></span> <span class='ocrx_word' id='word_1_755' title='bbox 2400 4489 2638 4560; x_wconf 69' lang='lat' dir='ltr'><strong>eﬂiciatur</strong></span> <span class='ocrx_word' id='word_1_756' title='bbox 2671 4483 2721 4556; x_wconf 87' lang='grc'><strong>(1</strong></span> <span class='ocrx_word' id='word_1_757' title='bbox 2751 4483 2868 4537; x_wconf 86' lang='lat' dir='ltr'><strong>Cor.</strong></span> <span class='ocrx_word' id='word_1_758' title='bbox 2895 4497 2967 4544; x_wconf 77' lang='lat' dir='ltr'><strong>st,</strong></span> <span class='ocrx_word' id='word_1_759' title='bbox 2993 4480 3070 4550; x_wconf 83' lang='lat'><strong>9).</strong></span> 
     </span>
    </p>
   </div>
   <div class='ocr_carea' id='block_1_106' title="bbox 2746 4592 3088 4660">
    <p class='ocr_par' dir='ltr' id='par_1_106' title="bbox 2746 4592 3088 4660">
     <span class='ocr_line' id='line_1_106' title="bbox 2746 4592 3088 4660; baseline -0.018 -10"><span class='ocrx_word' id='word_1_760' title='bbox 2746 4594 2965 4660; x_wconf 76' lang='lat' dir='ltr'><strong>CAPUT</strong></span> <span class='ocrx_word' id='word_1_761' title='bbox 3003 4592 3088 4645; x_wconf 74' lang='lat' dir='ltr'><strong>XI.</strong></span> 
     </span>
    </p>
   </div>
   <div class='ocr_carea' id='block_1_107' title="bbox 2146 4698 3678 4775">
    <p class='ocr_par' dir='ltr' id='par_1_107' title="bbox 2146 4698 3678 4775">
     <span class='ocr_line' id='line_1_107' title="bbox 2146 4698 3678 4775; baseline -0.02 -1"><span class='ocrx_word' id='word_1_762' title='bbox 2146 4719 2293 4775; x_wconf 89' lang='lat' dir='ltr'><strong>Docti</strong></span> <span class='ocrx_word' id='word_1_763' title='bbox 2337 4733 2368 4768; x_wconf 76' lang='grc' dir='ltr'><strong>ι</strong></span> <span class='ocrx_word' id='word_1_764' title='bbox 2413 4708 2750 4767; x_wconf 81' lang='lat' dir='ltr'><strong>sacerdotibus</strong></span> <span class='ocrx_word' id='word_1_765' title='bbox 2791 4721 2851 4757; x_wconf 88' lang='lat' dir='ltr'><strong>ac</strong></span> <span class='ocrx_word' id='word_1_766' title='bbox 2895 4702 3076 4755; x_wconf 81' lang='lat' dir='ltr'><strong>divinis</strong></span> <span class='ocrx_word' id='word_1_767' title='bbox 3113 4698 3678 4775; x_wconf 31' lang='lat' dir='ltr'><strong>Philisthiimuarcant</strong></span> 
     </span>
    </p>
   </div>
   <div class='ocr_carea' id='block_1_108' title="bbox 2215 4763 3680 4840">
    <p class='ocr_par' dir='ltr' id='par_1_108' title="bbox 2215 4763 3680 4840">
     <span class='ocr_line' id='line_1_108' title="bbox 2215 4763 3680 4840; baseline -0.018 0"><span class='ocrx_word' id='word_1_768' title='bbox 2215 4763 2306 4840; x_wconf 81' lang='lat' dir='ltr'><strong>Dei</strong></span> <span class='ocrx_word' id='word_1_769' title='bbox 2326 4763 2638 4839; x_wconf 32' lang='lat' dir='ltr'><strong>merita-cunt</strong></span> <span class='ocrx_word' id='word_1_770' title='bbox 2663 4775 2975 4829; x_wconf 81' lang='lat' dir='ltr'><strong>veneratione</strong></span> <span class='ocrx_word' id='word_1_771' title='bbox 3000 4771 3281 4840; x_wconf 76' lang='lat' dir='ltr'><strong>remittunt,</strong></span> <span class='ocrx_word' id='word_1_772' title='bbox 3301 4784 3451 4840; x_wconf 59' lang='lat' dir='ltr'><strong>quam</strong></span> <span class='ocrx_word' id='word_1_773' title='bbox 3481 4763 3680 4817; x_wconf 62' lang='lat' dir='ltr'><strong>Betha-</strong></span> 
     </span>
    </p>
   </div>
   <div class='ocr_carea' id='block_1_109' title="bbox 2213 4787 3511 4924">
    <p class='ocr_par' dir='ltr' id='par_1_109' title="bbox 2213 4787 3511 4924">
     <span class='ocr_line' id='line_1_109' title="bbox 2215 4787 3511 4840; baseline -0.019 0"><span class='ocrx_word' id='word_1_774' title='bbox 2215 4788 2306 4840; x_wconf 89' lang='lat' dir='ltr'><strong>Dei</strong></span> <span class='ocrx_word' id='word_1_775' title='bbox 2326 4787 2499 4839; x_wconf 84' lang='lat' dir='ltr'><strong>merita</strong></span> <span class='ocrx_word' id='word_1_776' title='bbox 2526 4795 2638 4832; x_wconf 85' lang='lat' dir='ltr'><strong>cum</strong></span> <span class='ocrx_word' id='word_1_777' title='bbox 2663 4787 2975 4829; x_wconf 77' lang='lat' dir='ltr'><strong>veneratione</strong></span> <span class='ocrx_word' id='word_1_778' title='bbox 3000 4787 3281 4831; x_wconf 81' lang='lat' dir='ltr'><strong>rentmunt,</strong></span> <span class='ocrx_word' id='word_1_779' title='bbox 3338 4787 3451 4818; x_wconf 81' lang='lat' dir='ltr'><strong>nam</strong></span> <span class='ocrx_word' id='word_1_780' title='bbox 3481 4787 3511 4816; x_wconf 72' lang='grc' dir='ltr'><strong>ιι</strong></span> 
     </span>
     <span class='ocr_line' id='line_1_110' title="bbox 2213 4787 3511 4924; baseline -0.02 -14"><span class='ocrx_word' id='word_1_781' title='bbox 2213 4860 2348 4910; x_wconf 68' lang='lat' dir='ltr'><strong>mito:</strong></span> <span class='ocrx_word' id='word_1_782' title='bbox 2375 4853 2523 4924; x_wconf 83' lang='lat' dir='ltr'><strong>primi</strong></span> <span class='ocrx_word' id='word_1_783' title='bbox 2549 4846 2860 4917; x_wconf 81' lang='lat' dir='ltr'><strong>recipientes,</strong></span> <span class='ocrx_word' id='word_1_784' title='bbox 2887 4843 3113 4894; x_wconf 81' lang='lat' dir='ltr'><strong>uictimas</strong></span> <span class='ocrx_word' id='word_1_785' title='bbox 3135 4839 3240 4890; x_wconf 75' lang='lat' dir='ltr'><strong>Deo</strong></span> <span class='ocrx_word' id='word_1_786' title='bbox 3269 4787 3511 4902; x_wconf 45' lang='lat' dir='ltr'><strong>exerunt.</strong></span> 
     </span>
    </p>
   </div>
   <div class='ocr_carea' id='block_1_110' title="bbox 2216 4945 3678 5026">
    <p class='ocr_par' dir='ltr' id='par_1_110' title="bbox 2216 4945 3678 5026">
     <span class='ocr_line' id='line_1_111' title="bbox 2216 4945 3678 5026; baseline -0.02 -1"><span class='ocrx_word' id='word_1_787' title='bbox 2216 4971 2280 5026; x_wconf 81' lang='lat' dir='ltr'><strong>Et</strong></span> <span class='ocrx_word' id='word_1_788' title='bbox 2305 4970 2598 5022; x_wconf 81' lang='lat' dir='ltr'><strong>vocaverunt</strong></span> <span class='ocrx_word' id='word_1_789' title='bbox 2634 4955 2940 5013; x_wconf 84' lang='lat' dir='ltr'><strong>Philisthiim</strong></span> <span class='ocrx_word' id='word_1_790' title='bbox 2967 4951 3246 5006; x_wconf 77' lang='lat' dir='ltr'><strong>sacerdotes</strong></span> <span class='ocrx_word' id='word_1_791' title='bbox 3269 4957 3314 5000; x_wconf 90' lang='lat' dir='ltr'><strong>et</strong></span> <span class='ocrx_word' id='word_1_792' title='bbox 3342 4945 3558 5005; x_wconf 73' lang='lat' dir='ltr'><strong>divinos,</strong></span> <span class='ocrx_word' id='word_1_793' title='bbox 3579 4951 3678 4996; x_wconf 67' lang='lat' dir='ltr'><strong>etc.</strong></span> 
     </span>
    </p>
   </div>
   <div class='ocr_carea' id='block_1_111' title="bbox 2147 5033 3680 5122">
    <p class='ocr_par' dir='ltr' id='par_1_111' title="bbox 2147 5033 3680 5122">
     <span class='ocr_line' id='line_1_112' title="bbox 2147 5033 3680 5122; baseline -0.023 -6"><span class='ocrx_word' id='word_1_794' title='bbox 2147 5063 2270 5117; x_wconf 56' lang='lat' dir='ltr'><strong>llaec</strong></span> <span class='ocrx_word' id='word_1_795' title='bbox 2299 5057 2453 5111; x_wconf 91' lang='lat' dir='ltr'><strong>lectio</strong></span> <span class='ocrx_word' id='word_1_796' title='bbox 2483 5052 2653 5122; x_wconf 84' lang='lat' dir='ltr'><strong>typice</strong></span> <span class='ocrx_word' id='word_1_797' title='bbox 2680 5048 2836 5100; x_wconf 89' lang='lat' dir='ltr'><strong>docet</strong></span> <span class='ocrx_word' id='word_1_798' title='bbox 2865 5043 3019 5095; x_wconf 74' lang='lat' dir='ltr'><strong>(idem</strong></span> <span class='ocrx_word' id='word_1_799' title='bbox 3067 5033 3355 5101; x_wconf 77' lang='lat' dir='ltr'><strong>Evangelii,</strong></span> <span class='ocrx_word' id='word_1_800' title='bbox 3388 5049 3508 5100; x_wconf 71' lang='lat' dir='ltr'><strong>qua:</strong></span> <span class='ocrx_word' id='word_1_801' title='bbox 3547 5043 3680 5084; x_wconf 87' lang='lat' dir='ltr'><strong>nunc</strong></span> 
     </span>
    </p>
   </div>
   <div class='ocr_carea' id='block_1_112' title="bbox 2146 5118 3672 5218">
    <p class='ocr_par' dir='ltr' id='par_1_112' title="bbox 2146 5118 3672 5218">
     <span class='ocr_line' id='line_1_113' title="bbox 2146 5118 3672 5218; baseline -0.024 -13"><span class='ocrx_word' id='word_1_802' title='bbox 2146 5153 2196 5205; x_wconf 91' lang='lat' dir='ltr'><strong>in</strong></span> <span class='ocrx_word' id='word_1_803' title='bbox 2224 5127 2461 5218; x_wconf 86' lang='lat' dir='ltr'><strong>gentibus</strong></span> <span class='ocrx_word' id='word_1_804' title='bbox 2490 5118 2802 5198; x_wconf 82' lang='lat' dir='ltr'><strong>celebratur,</strong></span> <span class='ocrx_word' id='word_1_805' title='bbox 2832 5133 2896 5184; x_wconf 90' lang='lat' dir='ltr'><strong>ad</strong></span> <span class='ocrx_word' id='word_1_806' title='bbox 2927 5125 3206 5183; x_wconf 85' lang='lat' dir='ltr'><strong>salvandas</strong></span> <span class='ocrx_word' id='word_1_807' title='bbox 3251 5123 3302 5174; x_wconf 92' lang='lat' dir='ltr'><strong>in</strong></span> <span class='ocrx_word' id='word_1_808' title='bbox 3352 5121 3455 5175; x_wconf 89' lang='lat' dir='ltr'><strong>line</strong></span> <span class='ocrx_word' id='word_1_809' title='bbox 3503 5118 3672 5174; x_wconf 78' lang='lat' dir='ltr'><strong>mundi</strong></span> 
     </span>
    </p>
   </div>
   <div class='ocr_carea' id='block_1_113' title="bbox 2147 5208 3679 5307">
    <p class='ocr_par' dir='ltr' id='par_1_113' title="bbox 2147 5208 3679 5307">
     <span class='ocr_line' id='line_1_114' title="bbox 2147 5208 3679 5307; baseline -0.025 -12"><span class='ocrx_word' id='word_1_810' title='bbox 2147 5208 2392 5307; x_wconf 67' lang='lat' dir='ltr'><strong>reliquias</strong></span> <span class='ocrx_word' id='word_1_811' title='bbox 2423 5231 2579 5288; x_wconf 88' lang='lat' dir='ltr'><strong>Israel</strong></span> <span class='ocrx_word' id='word_1_812' title='bbox 2615 5241 2734 5282; x_wconf 82' lang='lat' dir='ltr'><strong>esse</strong></span> <span class='ocrx_word' id='word_1_813' title='bbox 2776 5230 3125 5278; x_wconf 74' lang='lat' dir='ltr'><strong>reVersuram.</strong></span> <span class='ocrx_word' id='word_1_814' title='bbox 3175 5212 3490 5266; x_wconf 79' lang='lat' dir='ltr'><strong>Philisthiim</strong></span> <span class='ocrx_word' id='word_1_815' title='bbox 3522 5208 3679 5277; x_wconf 77' lang='lat' dir='ltr'><strong>plagis</strong></span> 
     </span>
    </p>
   </div>
   <div class='ocr_carea' id='block_1_114' title="bbox 2146 5300 3674 5392">
    <p class='ocr_par' dir='ltr' id='par_1_114' title="bbox 2146 5300 3674 5392">
     <span class='ocr_line' id='line_1_115' title="bbox 2146 5300 3674 5392; baseline -0.02 -10"><span class='ocrx_word' id='word_1_816' title='bbox 2146 5300 2357 5392; x_wconf 82' lang='lat' dir='ltr'><strong>eruditi,</strong></span> <span class='ocrx_word' id='word_1_817' title='bbox 2405 5323 2728 5386; x_wconf 85' lang='lat' dir='ltr'><strong>interrogant</strong></span> <span class='ocrx_word' id='word_1_818' title='bbox 2771 5313 3032 5381; x_wconf 79' lang='lat' dir='ltr'><strong>sapientes</strong></span> <span class='ocrx_word' id='word_1_819' title='bbox 3063 5305 3186 5374; x_wconf 87' lang='lat' dir='ltr'><strong>quid</strong></span> <span class='ocrx_word' id='word_1_820' title='bbox 3235 5300 3432 5358; x_wconf 81' lang='lat' dir='ltr'><strong>faciant</strong></span> <span class='ocrx_word' id='word_1_821' title='bbox 3457 5301 3525 5355; x_wconf 87' lang='lat' dir='ltr'><strong>de</strong></span> <span class='ocrx_word' id='word_1_822' title='bbox 3560 5312 3674 5353; x_wconf 76' lang='lat' dir='ltr'><strong>arca</strong></span> 
     </span>
    </p>
   </div>
   <div class='ocr_carea' id='block_1_115' title="bbox 2149 5398 3455 5483">
    <p class='ocr_par' dir='ltr' id='par_1_115' title="bbox 2149 5398 3455 5483">
     <span class='ocr_line' id='line_1_116' title="bbox 2149 5398 3455 5483; baseline -0.02 -12"><span class='ocrx_word' id='word_1_823' title='bbox 2149 5416 2258 5480; x_wconf 87' lang='lat' dir='ltr'><strong>Dei,</strong></span> <span class='ocrx_word' id='word_1_824' title='bbox 2283 5411 2544 5483; x_wconf 88' lang='lat' dir='ltr'><strong>quomodo</strong></span> <span class='ocrx_word' id='word_1_825' title='bbox 2573 5406 2837 5461; x_wconf 83' lang='lat' dir='ltr'><strong>remittant</strong></span> <span class='ocrx_word' id='word_1_826' title='bbox 2863 5415 2977 5455; x_wconf 85' lang='lat' dir='ltr'><strong>eam</strong></span> <span class='ocrx_word' id='word_1_827' title='bbox 3006 5399 3057 5453; x_wconf 91' lang='lat' dir='ltr'><strong>in</strong></span> <span class='ocrx_word' id='word_1_828' title='bbox 3088 5398 3253 5452; x_wconf 91' lang='lat' dir='ltr'><strong>locum</strong></span> <span class='ocrx_word' id='word_1_829' title='bbox 3281 5408 3455 5449; x_wconf 81' lang='lat' dir='ltr'><strong>suum.</strong></span> 
     </span>
    </p>
   </div>
   <div class='ocr_carea' id='block_1_116' title="bbox 2218 5484 3678 5558">
    <p class='ocr_par' dir='ltr' id='par_1_116' title="bbox 2218 5484 3678 5558">
     <span class='ocr_line' id='line_1_117' title="bbox 2218 5484 3678 5558; baseline -0.017 -2"><span class='ocrx_word' id='word_1_830' title='bbox 2218 5505 2294 5556; x_wconf 69' lang='lat' dir='ltr'><strong>At‘</strong></span> <span class='ocrx_word' id='word_1_831' title='bbox 2327 5502 2445 5553; x_wconf 79' lang='lat' dir='ltr'><strong>illi:</strong></span> <span class='ocrx_word' id='word_1_832' title='bbox 2472 5499 2531 5553; x_wconf 88' lang='lat' dir='ltr'><strong>Si</strong></span> <span class='ocrx_word' id='word_1_833' title='bbox 2574 5494 2845 5555; x_wconf 85' lang='lat' dir='ltr'><strong>remittitis,</strong></span> <span class='ocrx_word' id='word_1_834' title='bbox 2895 5491 3156 5558; x_wconf 83' lang='lat' dir='ltr'><strong>inquiunt,</strong></span> <span class='ocrx_word' id='word_1_835' title='bbox 3211 5488 3264 5539; x_wconf 78' lang='lat' dir='ltr'><strong>in</strong></span> <span class='ocrx_word' id='word_1_836' title='bbox 3297 5484 3487 5536; x_wconf 76' lang='lat' dir='ltr'><strong>locum</strong></span> <span class='ocrx_word' id='word_1_837' title='bbox 3537 5493 3678 5536; x_wconf 62' lang='lat' dir='ltr'><strong>sunt</strong></span> 
     </span>
    </p>
   </div>
   <div class='ocr_carea' id='block_1_117' title="bbox 2146 5571 3676 5648">
    <p class='ocr_par' dir='ltr' id='par_1_117' title="bbox 2146 5571 3676 5648">
     <span class='ocr_line' id='line_1_118' title="bbox 2146 5571 3676 5648; baseline -0.018 -1"><span class='ocrx_word' id='word_1_838' title='bbox 2146 5607 2318 5647; x_wconf 77' lang='lat' dir='ltr'><strong>arcani</strong></span> <span class='ocrx_word' id='word_1_839' title='bbox 2360 5588 2456 5643; x_wconf 87' lang='lat' dir='ltr'><strong>Dei</strong></span> <span class='ocrx_word' id='word_1_840' title='bbox 2508 5584 2693 5648; x_wconf 79' lang='lat' dir='ltr'><strong>Israel,</strong></span> <span class='ocrx_word' id='word_1_841' title='bbox 2727 5595 2828 5636; x_wconf 89' lang='lat' dir='ltr'><strong>etc.</strong></span> <span class='ocrx_word' id='word_1_842' title='bbox 2880 5581 2940 5632; x_wconf 80' lang='lat' dir='ltr'><strong>Et</strong></span> <span class='ocrx_word' id='word_1_843' title='bbox 2985 5593 3081 5631; x_wconf 89' lang='lat' dir='ltr'><strong>nos</strong></span> <span class='ocrx_word' id='word_1_844' title='bbox 3125 5576 3362 5629; x_wconf 87' lang='lat' dir='ltr'><strong>videntes</strong></span> <span class='ocrx_word' id='word_1_845' title='bbox 3403 5571 3676 5624; x_wconf 76' lang='lat' dir='ltr'><strong>vindictam</strong></span> 
     </span>
    </p>
   </div>
   <div class='ocr_carea' id='block_1_118' title="bbox 2149 5657 3680 5751">
    <p class='ocr_par' dir='ltr' id='par_1_118' title="bbox 2149 5657 3680 5751">
     <span class='ocr_line' id='line_1_119' title="bbox 2149 5657 3680 5751; baseline -0.019 -12"><span class='ocrx_word' id='word_1_846' title='bbox 2149 5684 2449 5751; x_wconf 87' lang='lat' dir='ltr'><strong>impiorum,</strong></span> <span class='ocrx_word' id='word_1_847' title='bbox 2481 5687 2771 5742; x_wconf 87' lang='lat' dir='ltr'><strong>manusque</strong></span> <span class='ocrx_word' id='word_1_848' title='bbox 2820 5676 3026 5722; x_wconf 83' lang='lat' dir='ltr'><strong>nostras</strong></span> <span class='ocrx_word' id='word_1_849' title='bbox 3056 5667 3287 5719; x_wconf 80' lang='lat' dir='ltr'><strong>lavantes</strong></span> <span class='ocrx_word' id='word_1_850' title='bbox 3333 5659 3388 5715; x_wconf 85' lang='lat' dir='ltr'><strong>in</strong></span> <span class='ocrx_word' id='word_1_851' title='bbox 3431 5657 3680 5729; x_wconf 69' lang='lat' dir='ltr'><strong>sanguine</strong></span> 
     </span>
    </p>
   </div>
   <div class='ocr_carea' id='block_1_119' title="bbox 2150 5752 3680 5846">
    <p class='ocr_par' dir='ltr' id='par_1_119' title="bbox 2150 5752 3680 5846">
     <span class='ocr_line' id='line_1_120' title="bbox 2150 5752 3680 5846; baseline -0.02 -16"><span class='ocrx_word' id='word_1_852' title='bbox 2150 5782 2508 5846; x_wconf 88' lang='lat' dir='ltr'><strong>peccatorum.</strong></span> <span class='ocrx_word' id='word_1_853' title='bbox 2554 5767 2596 5818; x_wconf 84' lang='lat' dir='ltr'><strong>si</strong></span> <span class='ocrx_word' id='word_1_854' title='bbox 2648 5759 2828 5832; x_wconf 68' lang='lat' dir='ltr'><strong>gratiae</strong></span> <span class='ocrx_word' id='word_1_855' title='bbox 2889 5755 3119 5811; x_wconf 68' lang='lat' dir='ltr'><strong>caelestis</strong></span> <span class='ocrx_word' id='word_1_856' title='bbox 3175 5767 3350 5807; x_wconf 84' lang='lat' dir='ltr'><strong>arcam</strong></span> <span class='ocrx_word' id='word_1_857' title='bbox 3404 5752 3456 5805; x_wconf 91' lang='lat' dir='ltr'><strong>in</strong></span> <span class='ocrx_word' id='word_1_858' title='bbox 3516 5752 3680 5804; x_wconf 83' lang='lat' dir='ltr'><strong>locum</strong></span> 
     </span>
    </p>
   </div>
  </div>
