3898 6260
136 385 248 445 53s
312 399 314 401 >
699 390 762 444 IN
799 387 1167 444 saansaan
1209 380 1620 442 PROPlIETAM
1663 374 2086 440 ALLEGORICA
2125 377 2495 437 EXPOSITIO.
2520 376 2736 434 —LlB.
2778 340 2812 436 ιζ
3242 380 3343 435 53s

136 516 321 564 suum,
353 499 401 553 id
431 509 535 563 est,
571 499 619 551 in
663 501 1027 565 proximorum
1067 500 1246 555 corda,
1279 511 1393 560 qua:
1437 495 1570 546 hanc
1605 491 1696 543 ali-
1725 534 1726 539 η

1832 489 2032 543 ectione
2061 491 2146 545 vel
2175 500 2374 552 nostra,
2420 491 2499 544 vel
2544 492 2790 559 proximi,
2826 491 3066 549 videlicet
3095 493 3345 550 Ecclesia:

137 590 360 662 quando
411 589 665 642 habentes
716 587 946 639 errando
999 587 1370 653 perdiderant,
1427 583 1696 635 remittere

140 680 515 752 pmnitentiam
546 676 814 730 suadendo
851 677 1198 742 diSponitnus,
1227 673 1510 726 curandum
1557 683 1700 726 sum.

146 783 371 835 tnopere
417 775 518 826 est,
564 781 629 817 ne
658 765 760 817 hoc
804 765 950 817 vacui
998 763 1274 816 virtutibus
1317 775 1474 828 agere
1501 773 1702 827 quara-

149 874 294 921 mns,
323 858 413 912 sed
446 858 594 924 juxta
623 871 740 907 eum
771 855 854 921 qui
883 853 1012 908 dixit
1038 871 1049 905 :
1087 849 1149 906 Et
1176 852 1341 922 gratia
1379 849 1581 919 ejusjn
1626 861 1708 896 me

146 965 313 1002 suam
360 965 457 1000 non
487 949 584 1013 [nit
611 946 662 1014 (1
695 944 809 996 Cor.
840 944 950 1009 xv),
1000 945 1168 1009 primo
1214 941 1312 1007 ipsi
1344 950 1484 995 recta
1526 952 1703 1004 agere,

149 1049 206 1090 et
237 1041 311 1091 sic
341 1038 472 1090 alios
503 1039 758 1090 instruere
790 1033 1122 1089 festinemus.
1157 1032 1267 1087 Hoc
1310 1033 1504 1087 etenim
1548 1029 1705 1083 modo

151 1129 336 1196 plagas
376 1142 560 1180 eorum
610 1128 718 1192 qui,
762 1136 984 1192 accepto
1017 1123 1248 1177 scientia
1293 1123 1452 1184 dono,
1497 1120 1567 1172 nil
1614 1135 1708 1188 pro

155 1219 388 1281 peccatis
452 1231 567 1284 quae
615 1215 932 1270 commisere
992 1213 1243 1282 Largitori
1287 1215 1470 1281 gratia:
1524 1226 1710 1277 repen-

151 1309 289 1360 dere
332 1318 541 1369 norunt,
575 1305 803 1374 effugere
855 1304 1162 1370 poterimus.
1193 1301 1296 1356 Sed
1347 1311 1402 1355 et
1441 1303 1710 1354 universa-

157 1397 283 1449 liter
319 1395 567 1449 Ecclesiae
595 1394 999 1462 providendum,
1036 1409 1099 1445 ne
1131 1407 1291 1445 vacua
1323 1393 1375 1452 in
1403 1392 1505 1446 ﬁne
1533 1389 1709 1443 saeculi

156 1487 328 1554 gratia
376 1486 518 1549 ﬁdei,
547 1485 596 1537 id
624 1495 726 1550 est,
776 1484 1000 1536 fructum
1052 1485 1297 1535 virtutum
1334 1481 1401 1534 .in
1442 1481 1709 1548 gentibus,

158 1579 304 1631 ultra
349 1594 451 1629 non
500 1577 791 1638 inveniens,
841 1574 904 1628 ad
953 1573 1109 1628 Israel
1143 1572 1448 1627 salvandum
1479 1573 1715 1626 remitta-

160 1678 279 1724 tur:
328 1667 417 1719 sed
467 1665 728 1732 quomodo
773 1665 913 1718 venit
962 1664 1162 1726 redeat,
1201 1678 1315 1729 qute
1361 1676 1454 1731 per
1500 1675 1716 1730 magnos

157 1759 408 1811 doctores
433 1757 582 1809 nobis
611 1755 729 1808 data
761 1765 864 1817 cst,
893 1769 987 1821 per
1019 1767 1235 1820 magnos
1265 1753 1510 1806 reddatur
1535 1761 1586 1804 et
1617 1751 1710 1804 illi.

232 1845 394 1898 Juxta
420 1861 677 1897 numerum
701 1844 1066 1909 provinciarum
1095 1841 1422 1906 Phitistttiim,
1442 1851 1541 1895 etc.
1561 1840 1711 1894 Juxta

159 1952 444 1990 numerum
489 1936 718 2003 quinque
771 1948 1018 2005 sensuum
1073 1933 1349 1999 corporis,
1395 1945 1528 2000 quos
1578 1941 1718 1984 retro

164 2025 498 2096 re~picicndo
536 2021 972 2084 contaminastis,
1017 2036 1240 2089 quorum
1291 2020 1492 2074 fructus
1537 2035 1719 2072 omnes

165 2118 326 2170 ﬁdem
379 2117 512 2168 male
553 2112 828 2167 tractando
879 2113 1222 2182 perdidistis,
1271 2114 1376 2180 jam
1429 2113 1586 2165 modo
1630 2127 1720 2180 per

165 2217 358 2262 cuncta
381 2221 498 2275 qua:
525 2205 770 2268 videndo,
795 2203 1076 2270 audiendo,
1102 2203 1381 2271 gustando,
1405 2202 1718 2265 ollaricndo,

169 2303 254 2354 vel
287 2300 545 2365 tangendo
582 2299 782 2365 geritis,
815 2299 1104 2350 clarissima
1155 2296 1438 2363 patientim,
1472 2309 1724 2358 compun-

165 2394 384 2453 clionis,
429 2389 738 2452 humilitatis
768 2397 1181 2455 cmterarutnque
1226 2386 1473 2437 virtutum
1513 2383 1724 2436 Christo

169 2483 347 2536 debita
370 2465 587 2533 solvite.

248 2571 309 2624 Et
341 2572 523 2623 dabitis
557 2568 660 2623 Deo
686 2567 848 2622 Israel
878 2570 1110 2637 gloriam,
1143 2577 1246 2620 etc.
1293 2567 1357 2619 [ﬁt
1401 2563 1723 2618 conﬁtemini

172 2662 297 2728 quia
340 2663 476 2714 Deus
501 2661 646 2713 solus
681 2675 866 2720 verax,
895 2659 1070 2710 omnis
1115 2668 1288 2709 autem
1321 2656 1479 2707 homo
1505 2654 1724 2708 mendax

173 2749 354 2819 (Rom.
383 2765 437 2802 ιιι
461 2765 477 2812 ς
503 2748 696 2801 Psalm.
725 2752 872 2815 cxv);
897 2748 938 2798 si
973 2746 1104 2797 forte
1133 2755 1333 2797 avertat
1369 2744 1552 2798 faciem
1582 2757 1727 2796 suam

175 2858 206 2894 a
235 2843 464 2909 peccatis
493 2841 707 2904 vestris,
749 2849 801 2891 et
843 2853 1027 2890 omnes
1070 2838 1368 2904 iniquitates
1410 2843 1607 2888 vestras
1633 2834 1726 2887 de-

176 2934 306 2993 leat,
338 2931 566 2999 dumque
595 2930 745 2983 vobis
777 2943 906 2982 onus
945 2928 1265 2982 levissimum
1299 2927 1412 2993 pius
1454 2927 1730 2979 miserator

177 3029 434 3091 nnponaL

1807 580 2155 636 membrorum
2202 581 2346 649 juxta
2393 581 2664 648 imperium
2697 583 3060 651 magistrorum
3103 587 3349 653 spiritua-

1805 669 1951 721 lium.
2004 667 2185 740 Neque
2229 671 2512 725 absurdum
2563 680 2706 742 putet
2747 672 3002 740 quispiam
3047 675 3182 741 quod
3232 689 3350 728 acta

1803 758 2104 815 divinorum
2129 772 2182 814 et
2211 764 2539 818 sacerdmum
2583 763 2865 815 inﬁdelium
2909 779 3065 832 super
3095 763 3349 820 Ecclesiae

1806 849 2073 916 prophetis
2124 861 2177 904 et
2237 852 2542 907 domoribus
2598 853 3038 921 interpretantes,
3093 855 3350 922 spirituali

1809 940 2055 1007 mysterio
2099 939 2392 994 redundare
2436 942 2761 1007 dixerimus;
2811 944 2900 998 sed
2950 946 3124 1014 agnito
3181 945 3351 1012 potius

1809 1027 2098 1094 atlegoricte
2129 1027 2406 1082 locutionis
2435 1044 2552 1094 usu,
2583 1031 2757 1082 videat
2780 1031 2866 1100 qui
2908 1032 3029 1103 legit
3058 1047 3114 1086 ea
3144 1048 3350 1100 quoquo

1809 1135 1924 1186 qua:
1972 1133 2072 1172 non
2123 1119 2276 1174 modo
2306 1119 2561 1184 inﬁdeles,
2595 1121 2684 1174 sed
2715 1131 2769 1174 et
2805 1133 2983 1190 aperta
3030 1123 3201 1179 fronte
3247 1123 3354 1178 Deo

1810 1211 2070 1264 contraria
2111 1211 2387 1264 molientes
2432 1219 2674 1280 egerunt,
2720 1212 2788 1264 ab
2832 1214 3060 1281 egregiis
3090 1215 3357 1284 expositu-

1812 1302 1955 1356 ribus
1983 1303 2046 1355 ad
2089 1303 2450 1357 saluberrimae
2481 1305 2685 1370 pietatis
2714 1303 3020 1372 obsequium
3074 1306 3244 1374 typice
3274 1321 3358 1359 re-

1813 1389 1934 1441 lata.
1965 1390 2071 1445 Nec
2096 1392 2267 1444 minus
2294 1407 2499 1444 sacrum
2542 1394 2620 1445 vel
2655 1393 2872 1462 mystica
2902 1393 3096 1462 pietate
3123 1395 3357 1462 plenum,

1812 1481 1949 1544 quod
1981 1479 2259 1532 Dominum
2289 1493 2599 1547 persecutor
2630 1484 2820 1550 impius
2859 1484 2909 1535 itt
2941 1486 3201 1550 passione,
3233 1499 3356 1554 pur-

1817 1583 1971 1634 purea
2001 1569 2080 1621 vel
2124 1570 2237 1622 alba
2284 1580 2428 1623 veste
2471 1571 2657 1632 induit,
2701 1556 2867 1639 spinis
2897 1575 3185 1636 coronavit,
3212 1588 3362 1630 accto

1819 1661 2032 1724 potavit,
2076 1675 2234 1714 cruce
2282 1662 2574 1730 suspendit.
2607 1678 2782 1730 regem
2829 1647 3036 1730 Latine,
3097 1667 3280 1721 Graece
3313 1677 3366 1721 et

1822 1751 2071 1804 tlebraice
2113 1751 2346 1820 scripsit,
2375 1767 2530 1819 quam
2553 1753 2691 1819 quad
2718 1752 2857 1808 hunc
2900 1755 2951 1809 in
2980 1756 3251 1810 nativitate
3280 1757 3363 1825 pia

1822 1853 1876 1897 et
1913 1844 2154 1897 inviolata
2183 1847 2408 1913 genitrix
2435 1845 2620 1912 pannis
2653 1845 2888 1908 involvit,
2923 1845 2974 1899 in
3001 1849 3256 1916 praesepio
3279 1863 3364 1902 re-

1819 1935 2053 1998 clinavit,
2107 1943 2346 2001 pastores
2395 1935 2756 2000 laudaverunt,
2806 1938 2942 2004 magi
2987 1937 3368 2010 adoraverunt;

1820 2025 1955 2090 quod
1986 2025 2218 2079 occisum
2247 2025 2486 2092 discipuli
2526 2027 2678 2078 el"C!i
2729 2028 3050 2079 aromatibus
3075 2027 3364 2090 conditum,

1823 2116 2213 2171 linteaminibus
2253 2117 2569 2180 involutum,
2611 2117 2812 2184 petriuo
2852 2119 2900 2169 in
2945 2118 3188 2184 septtluo
3229 2133 3364 2184 βοεί-

1823 2215 1954 2271 tum,
1992 2208 2160 2274 lapide
2191 2221 2378 2275 magno
2419 2207 2738 2270 clauserunt,
2767 2217 2818 2260 et
2851 2222 2917 2260 ne
2947 2207 3151 2261 dubites
3180 2209 3245 2260 ab
3275 2209 3368 2262 lto-

1825 2295 2056 2348 minibus
2079 2294 2550 2360 qualibuscunque,
2583 2305 2682 2346 tum
2715 2305 2888 2348 tamen
2920 2305 3116 2350 naturtc
3151 2311 3369 2352 consor-

1827 2385 1982 2447 tibus,
2007 2385 2158 2436 'utilia
2187 2385 2411 2437 discere.
2433 2384 2569 2436 Audi
2601 2387 2722 2450 quid
2753 2385 3001 2438 Salomon
3031 2387 3170 2439 dicat
3195 2407 3206 2438 ;
3234 2387 3370 2439 l'adc

1825 2476 1889 2526 ad
1920 2475 2198 2542 formicam,
2224 2490 2251 2526 ο
2289 2476 2450 2544 piger,
2481 2486 2527 2527 et
2567 2477 2825 2528 considera
2856 2478 2958 2528 vias
2989 2479 3117 2546 ejus,
3159 2489 3205 2530 et
3241 2481 3376 2532 disce

1825 2567 2119 2632 sapientiam
2145 2564 2320 2633 (Prov.
2356 2565 2452 2632 VI).
2823 2573 2830 2576 ’

1902 2659 2044 2710 Ibant
2073 2667 2236 2711 autem
2265 2661 2314 2709 in
2343 2659 2583 2732 direction
2629 2673 2810 2724 vacem,
2841 2667 2942 2714 etc.
2995 2660 3137 2714 Ibant
3193 2665 3241 2714 in
3291 2662 3370 2716 di-

1829 2761 2027 2801 rectum
2057 2749 2298 2802 doctores
2329 2765 2419 2818 per
2439 2749 2724 2817 Clu-istum,
2757 2767 2872 2818 qua:
2897 2753 3042 2816 ducit
3063 2751 3124 2804 ad
3157 2768 3372 2822 regnum

1829 2841 2101 2891 caelorum.
2166 2839 2255 2892 Via
2306 2839 2496 2906 quippe
2553 2835 2901 2904 Bethsames,
2938 2843 2987 2894 id
3037 2853 3138 2905 est,
3188 2845 3374 2902 domus

1830 2927 1976 2990 solis,
2029 2930 2138 2996 ipsa
2185 2939 2264 2982 est
2309 2945 2424 2996 qum
2471 2931 2596 2982 dicit
2625 2943 2640 2983 :
2668 2930 2774 3006 Ego
2803 2911 2912 2986 sum
2955 2936 3052 2997 cia,
3101 2939 3280 2990 uritur
3332 2955 3379 2995 et

1833 3021 1927 3073 vita
1958 3015 2130 3089 (Joan.
2170 3019 2298 3088 xw).
2336 3021 2396 3072 Ει
2424 3021 2543 3072 ειιέὺί
2574 3038 2582 3071 :
2617 3013 2729 3089 Ego]
2767 3028 2878 3074 sitm
2928 3026 3015 3077 (na:
3063 3030 3266 3091 mundi;
3293 3032 3375 3099 qui

255 3112 406 3165 Nunc
427 3129 544 3182 ergo
571 3113 778 3182 arripite
798 3122 844 3164 et
866 3112 1013 3180 facite
1038 3114 1319 3178 plaustrum
1345 3125 1521 3164 novum
1551 3126 1728 3173 unum,
1759 3140 1804 3203 ο
1834 3115 2058 3180 sequitur
2100 3127 2196 3173 me,
2243 3128 2341 3164 non
2371 3111 2591 3165 ambulat
2615 3113 2664 3165 in
2697 3114 2929 3183 tenebris,
2956 3117 3042 3168 scd
3071 3116 3262 3171 habebit
3295 3121 3373 3171 tuo

178 3214 290 3258 etc.
344 3204 512 3266 Nunc,
562 3205 819 3270 inquiunt,
875 3203 1136 3268 festinate,
1186 3213 1238 3256 ct
1284 3202 1365 3256 vel
1416 3192 1737 3262 vestris,vel.

183 3295 433 3347 fraternis
479 3296 528 3347 in
569 3295 841 3355 cordibus,
887 3302 1144 3347 exuentes
1190 3303 1416 3346 veterem
1467 3291 1730 3347 hominem

181 3403 306 3444 cum
358 3389 558 3440 actibus
602 3386 756 3453 ejus,
805 3387 1003 3440 induite
1050 3401 1263 3453 novum,
1312 3388 1398 3455 qui
1441 3385 1732 3440 secundum

187 3481 355 3535 Deum
383 3492 590 3535 creatus
611 3491 691 3534 est
720 3482 768 3534 in
794 3481 992 3549 iustitia
1023 3490 1077 3535 et
1106 3481 1404 3544 sanctitate,
1432 3490 1484 3534 et
1515 3483 1733 3535 veritate

185 3571 399 3641 (Ep/tes.
437 3572 532 3640 tv);
561 3581 615 3625 et
663 3573 763 3624 hoc
811 3571 861 3624 in
910 3574 1109 3627 unitate
1154 3572 1428 3627 catholica:
1475 3574 1639 3642 pacis,
1685 3574 1734 3625 in

190 3674 293 3726 qua
343 3669 540 3712 tantum
587 3660 650 3711 ad
694 3660 1002 3713 salvandum
1059 3661 1271 3727 prodest
1315 3662 1562 3730 quidquid
1613 3663 1734 3715 boni

189 3760 349 3815 agere
377 3757 569 3811 potest,
589 3747 892 3814 nobilesque
914 3747 1144 3816 gemina,
1175 3748 1224 3800 id
1252 3757 1352 3813 est,
1375 3749 1465 3802 Dei
1489 3757 1542 3802 et
1564 3751 1735 3818 proxi-

192 3835 306 3901 mi,
358 3835 642 3888 dilectione
684 3835 964 3900 doctores,
1013 3851 1040 3888 a
1089 3840 1284 3904 peccati
1330 3838 1455 3907 jugo
1500 3837 1692 3895 liberos
1720 3882 1736 3905 ,

191 3924 544 3994 spiritualium
584 3923 814 3978 ﬁdelium
847 3925 1070 3978 ﬁliorum
1115 3929 1260 3995 prole
1288 3929 1592 3996 gaudentes,
1627 3931 1738 3984 sive

193 4015 541 4084 prmdicanda:
573 4015 715 4080 ﬁdei,
757 4030 848 4068 seu
889 4017 1157 4082 portanda;
1207 4018 1450 4074 fraterna:
1502 4023 1737 4076 necessi-

193 4104 318 4159 tatis
355 4107 525 4170 oneri,
576 4105 841 4174 subjicite.
885 4106 1138 4162 Parvulos
1181 4121 1353 4162 autem
1399 4125 1638 4178 quosque
1686 4122 1738 4164 et

195 4197 450 4249 lactantes
468 4197 640 4251 adhuc
661 4200 710 4252 in
728 4198 958 4266 Christo,
987 4199 1155 4254 donec
1179 4199 1228 4252 in
1255 4200 1420 4253 virum
1450 4203 1735 4269 perlectum

194 4286 506 4354 proﬁciant,
557 4289 692 4341 intra
740 4298 934 4342 stratus
981 4292 1060 4343 sui
1121 4292 1388 4344 modulum
1440 4293 1737 4347 educandas

194 4375 454 4429 cohibete.

1837 3219 1945 3256 men
1973 3204 2085 3255 vita:
2116 3199 2287 3270 (.Ioan.
2316 3204 2446 3268 rnt).

1909 3294 1968 3346 In
1999 3295 2172 3362 itinere
2202 3310 2301 3345 tuto
2330 3293 2690 3363 gradirbantur
2718 3289 2973 3364 pergentes
3012 3305 3059 3348 et
3087 3297 3376 3364 mugienter,

1834 3395 1938 3437 etc.
1974 3384 2087 3436 Uno
2129 3385 2415 3451 eodemque
2467 3384 2580 3434 ﬁdei
2631 3392 2684 3435 et
2727 3384 2957 3436 veritatis
3003 3384 3136 3436 calte
3173 3387 3373 3450 ςιύὠεο

1840 3476 2025 3527 bantur
2053 3484 2320 3541 gementes
2368 3473 2600 3540 quidem,
2649 3472 2796 3541 quasi
2848 3473 3106 3537 homines,
3145 3476 3376 3542 separari

1837 3582 1892 3621 se
1922 3568 1987 3618 ab
2033 3566 2111 3618 Itis
2157 3580 2286 3633 quos
2334 3565 2586 3632 difigant;
2620 3563 2860 3618 libentius
2909 3575 3079 3618 tamen
3125 3580 3237 3632 eos,
3289 3566 3377 3622 ubi

1840 3655 2124 3708 necessitas
2156 3654 2430 3722 ingruerit,
2460 3671 2614 3723 quant
2635 3655 2860 3722 justitize
2888 3656 3022 3708 viam
3051 3657 3379 3719 deserentes,

1837 3744 2103 3812 ardentius
2148 3744 2212 3796 ad
2245 3743 2506 3798 victimant
2556 3744 2811 3809 passionis
2858 3760 2952 3812 pro
3000 3761 3118 3800 arca
3177 3746 3380 3808 Domini

1841 3842 2199 3902 pi-Operantes,
2249 3849 2404 3902 quam
2450 3833 2570 3886 ﬂetu
2621 3834 2842 3886 ﬁ!iorunt
2891 3850 3063 3889 arcam
3116 3839 3379 3903 deponere

1839 3928 2247 3981 consentientes.
2290 3924 2379 3979 Vis
2421 3925 2627 3992 probari
2676 3939 2792 3991 qua:
2840 3925 3103 3980 dicimus?
3147 3928 3380 3981 Morante

1844 4016 2000 4070 l‘aulo
2043 4016 2096 4070 in
2137 4016 2396 4080 Caesarea,
2436 4016 2811 4078 superveniens
2839 4029 2866 4065 a
2893 4014 3068 4067 Judtea
3102 4019 3378 4082 prOpheta,

1842 4115 2154 4173 protestatus
2179 4115 2257 4158 est
2283 4119 2400 4157 eum
2429 4103 2741 4170 alligandum
2767 4102 2960 4156 Iudaeis
2985 4105 3033 4155 in
3061 4103 3375 4171 Jerusalem,

1838 4207 1890 4249 et
1921 4195 2230 4248 tradendum
2279 4195 2328 4245 in
2376 4207 2561 4245 manus
2606 4192 2837 4259 gentimn
2870 4192 3006 4258 (Act.
3066 4194 3196 4264 ut).
3247 4194 3382 4249 Ecce

1841 4283 2090 4351 portatrix
2135 4296 2271 4335 arca:
2312 4281 2586 4334 dominicr
2618 4280 2934 4333 victimanda
2967 4296 3123 4334 vat-ca
3156 4283 3380 4350 prophe-

1841 4381 2007 4438 tatur;
2063 4381 2118 4426 et
2159 4370 2412 4440 quidquid
2454 4371 2516 4422 ad
2567 4370 2678 4422 lta‘c
2731 4370 2897 4430 vituli.
2948 4370 3171 4424 siccisne
3219 4374 3384 4425 oculis

265 4461 310 4514 1‘
315 4464 569 4530 auctisque
602 4480 770 4516 arram
813 4447 1035 4529 Domini,
1081 4474 1127 4518 et
1169 4469 1359 4536 ponetis
1410 4471 1460 4521 in
1488 4472 1730 4538 plau~tro,
1767 4474 1817 4534 υ
1840 4469 2139 4518 abscessum
2178 4471 2504 4530 mortemque
2537 4462 2766 4530 parentis
2793 4448 3118 4529 exspectant,
3161 4462 3385 4515 nobilior

199 4557 307 4603 etc.
349 4550 637 4604 Secretiora
679 4566 900 4620 quasque
944 4555 1236 4608 caelestium
1278 4571 1607 4623 arcanorum,
1638 4562 1731 4615 im-

139 4693 144 4704 ,
202 4637 340 4691 hutis
390 4655 524 4690 novo
575 4639 766 4692 Christi
823 4643 1070 4695 mandato
1126 4645 1403 4706 cordibus.
1458 4650 1736 4717 imponite,

201 4740 300 4780 nec
325 4742 424 4779 non
454 4739 506 4782 et
532 4739 718 4782 vestrae
745 4730 1084 4786 correctionis
1117 4737 1357 4803 exemplo
1393 4739 1546 4792 simul
1573 4746 1743 4794 omni-

200 4815 300 4867 bus
327 4814 574 4868 intuenda
603 4825 656 4870 et
695 4818 960 4880 sequenda
987 4823 1306 4890 coniungite,
1341 4826 1614 4894 taliterque
1647 4830 1742 4881 Ec-

198 4903 414 4956 clesiam
445 4915 704 4968 ornatam,
736 4906 786 4959 id
815 4915 915 4971 est,
941 4916 992 4959 et
1027 4909 1146 4963 ﬁdei
1178 4913 1460 4990 mysteriis,
1493 4925 1543 4967 et
1573 4932 1744 4972 exem-

201 4990 304 5058 plis
324 5002 564 5046 onustam
596 4994 861 5057 virtutum,
888 4999 951 5047 ad
975 4999 1278 5062 qtmrendas
1309 5001 1551 5065 reliquias
1577 5003 1742 5057 Israe-

201 5079 359 5134 litica:
407 5083 571 5147 plebis
610 5085 855 5149 emittite,
890 5100 1057 5152 neque
1099 5102 1324 5153 unquam
1366 5091 1431 5140 ab
1479 5093 1742 5147 intuendis

198 5169 315 5237 ejus
339 5171 605 5236 gressibus
637 5187 824 5227 vestrae
855 5176 1044 5228 mentis
1072 5179 1254 5229 oculos
1278 5180 1515 5230 avertite.

275 5256 525 5312 Fecerunt
553 5277 670 5330 ergo
698 5267 774 5315 illi
805 5267 897 5315 hoc
935 5265 1103 5324 modo,
1130 5275 1173 5317 et
1205 5267 1429 5318 tollentes
1470 5270 1595 5320 duas
1625 5286 1742 5322 vac-

199 5366 313 5407 cas.
360 5357 463 5402 etc.
515 5348 772 5402 Fecerunt
821 5353 1131 5406 Pbilisthiim
1177 5353 1241 5406 de
1288 5369 1402 5406 arca
1451 5357 1739 5409 secundum

200 5437 436 5491 consulta
481 5439 814 5491 sacerdotum
857 5456 1069 5494 suorum
1119 5451 1173 5495 ct
1219 5443 1530 5496 divinorum.
1579 5445 1743 5501 Fece-

201 5538 319 5582 rnnt
354 5538 406 5580 et
440 5527 623 5582 l'acmri
655 5541 774 5582 sunt
812 5531 877 5584 de
915 5533 1142 5587 Ecclesia
1176 5534 1350 5587 ﬁdeles
1381 5536 1496 5602 ejus
1535 5537 1745 5604 dispen-

195 5631 400 5674 satores
449 5618 597 5686 juxta
649 5625 936 5689 pratsagia,
989 5626 1068 5676 vel
1123 5625 1288 5677 ﬁttura
1337 5630 1742 5691 przccedentiutn

193 5711 531 5766 sacerdotum
561 5718 611 5763 et
638 5712 1036 5777 prophetarum;
1071 5715 1318 5768 faciamus
1339 5725 1390 5770 et
1418 5734 1512 5773 nos
1540 5720 1603 5774 de
1629 5737 1746 5777 Cor-

1840 4556 2043 4610 c:cteris
2084 4554 2296 4613 vitulus,
2339 4560 2394 4603 et
2443 4551 2577 4602 inter
2619 4559 2844 4616 quatuor
2893 4563 3078 4616 magna
3135 4550 3382 4602 animalia

1843 4647 1941 4700 hoc
1993 4648 2202 4698 nomine
2258 4641 2496 4708 insignis,
2555 4641 2678 4704 quid
2731 4639 2932 4705 egerint
2985 4648 3182 4691 narret.
3233 4641 3381 4704 Quod

1840 4751 1956 4788 cum
1989 4734 2330 4792 audissemus,
2363 4730 2551 4796 inquit,
2585 4729 2894 4799 rogabantus
2920 4719 3053 4794 'nos,
3085 4739 3138 4783 et
3165 4730 3252 4799 qui
3285 4731 3382 4784 loci

1843 4825 1980 4878 illius
2027 4831 2195 4888 erant,
2253 4837 2317 4874 ne
2359 4820 2668 4874 ascenderet
2722 4823 2770 4873 itt
2818 4819 3234 4890 Jerosolyntam;
3288 4825 3382 4878 sed

1837 4915 1959 4981 quia
1997 4927 2097 4964 non
2139 4923 2318 4962 amore
2344 4910 2422 4961 vel
2455 4908 2698 4976 lacrymis
2724 4910 2951 4962 ﬁliorum
2982 4911 3045 4962 ad
3085 4912 3380 4975 dexteram,

1843 5019 1944 5054 non
1979 5001 2042 5054 ad
2092 4999 2352 5052 sinistram
2398 4999 2604 5052 deﬂecti
2637 5009 2837 5062 poterat
2885 5004 3068 5055 matris
3115 5005 3379 5062 instantia.

1841 5094 1961 5146 vide.
2008 5093 2128 5161 quid
2176 5093 2374 5144 abitura
2426 5092 2748 5158 plorantibus
2795 5096 2970 5146 dicat:
3003 5097 3133 5160 Quid
3188 5094 3379 5153 l‘acitis.

1842 5183 2047 5249 ﬁentes,
2071 5192 2120 5235 et
2147 5184 2415 5235 turbantes
2435 5198 2526 5235 cor
2548 5183 2756 5236 meum?
2788 5184 2893 5251 Ego
2914 5187 3054 5236 enim
3081 5199 3180 5235 non
3211 5184 3377 5236 solum

1843 5274 2061 5340 alligari,
2118 5272 2209 5326 scd
2261 5283 2312 5324 γι
2365 5275 2494 5325 mori
2553 5276 2600 5325 in
2655 5273 2941 5326 Jerusalem
3001 5284 3211 5339 paratus
3265 5289 3378 5327 sum

1847 5375 2057 5426 prapter
2109 5377 2297 5415 nomen
2350 5363 2550 5415 Domini
2580 5361 2725 5414 Jestt.
2774 5361 2963 5413 Verum
3013 5363 3096 5428 qni
3143 5365 3386 5429 planctus

1847 5454 2204 5512 inﬁrmorum,
2274 5455 2419 5518 quasi
2483 5451 2801 5502 reclusorum
2870 5454 3008 5503 domi
3077 5457 3384 5522 vitulorum,

1847 5557 1998 5607 quem
2042 5542 2106 5593 de
2153 5545 2347 5594 carrali
2393 5541 2734 5606 spiritualium
2784 5553 3056 5610 parentum
3104 5548 3381 5602 amissione.

1847 5630 2167 5695 concipiunt,
2217 5629 2462 5698 paulatim
2492 5629 2636 5705 dum
2662 5639 2717 5684 et
2761 5631 2858 5698 ipsi
2909 5634 3243 5700 proiecerint,
3273 5651 3386 5692 ces-

1849 5730 1947 5774 sat.
2006 5720 2138 5774 Dicit
2164 5721 2298 5775 idem
2357 5721 2523 5774 Lucas
2567 5738 2578 5773 :
2623 5721 2686 5775 Et
2737 5735 2852 5776 cum
2908 5722 2954 5776 ei
3010 5727 3229 5781 suadere
3284 5745 3386 5781 non
