3898 6260
209 498 312 556 887

729 493 792 550 in
827 491 1202 549 sanus-mw
1243 489 1649 546 ruorusrsu
1686 485 2113 562 ALLEGORICA
2156 470 2623 542 exposnw.—
2659 486 2786 541 mu.
2831 486 2870 539 ι.

3290 481 3395 539 8'33

209 605 397 663 mortis
421 617 678 672 excepere
701 601 1040 664 sententiam,
1068 585 1192 653 tunc
1236 601 1405 667 primo
1435 611 1654 667 peccare
1695 581 1749 650 et
1776 600 1826 656 Α
1851 569 2226 658 exercitantur.
2278 608 2332 650 et
2381 595 2559 650 delicit
2611 598 2874 664 paulisper
2917 596 3130 662 spiritus
3172 608 3394 656 eorum,

214 698 383 750 bonos
404 679 596 750 tacere
617 691 924 747 desierunt?

288 783 352 839 Et
399 799 554 854 usque
593 783 662 834 ad
705 781 827 834 Abel
874 779 1092 847 lapidem
1141 771 1408 859 magnum,
1437 781 1542 829 etc.
1593 773 1761 828 Etiam

218 873 383 927 fortes
418 873 611 941 quique
651 871 702 923 in
743 869 884 929 ﬁde,
917 879 971 928 et
1010 868 1098 933 qui
1137 867 1209 933 ad,
1239 859 1762 919 sustentandam/re-

220 957 554 1030 gendamque
577 959 810 1012 nutantis
834 956 1080 1010 Ecclesia:
1106 954 1437 1008 demtiunem
1463 951 1726 1006 sufﬁciant
1745 991 1761 1015 ,
1794 1010 1799 1014 _

221 1059 277 1103 ct
303 1049 405 1118 ipsi
433 1045 729 1115 fragilitatis
754 1059 867 1100 suae
891 1044 1088 1099 conscii
1115 1044 1328 1096 dicunt:
1357 1041 1423 1094 In
1441 1042 1611 1093 multis
1633 1039 1768 1093 enim

222 1139 528 1205 eludimus
555 1151 726 1188 omnes
753 1133 912 1206 (Jac.
944 1149 1000 1186 Ill
1022 1133 1062 1203 ).
1106 1133 1214 1185 imo
1240 1133 1352 1200 ipse
1379 1139 1613 1183 summus
1639 1129 1768 1195 lapis

219 1224 512 1298 angularia,
557 1227 644 1294 qui
686 1234 947 1293 peccatum
987 1240 1088 1276 non
1132 1224 1279 1292 fecit,
1320 1237 1410 1274 nec
1445 1221 1804 1298 inuentusesl.

225 1314 378 1369 dolus
408 1314 461 1367 in
488 1329 575 1368 ore
599 1315 710 1383 ejus
736 1309 791 1381 (1
805 1311 948 1365 Petr.
979 1311 1063 1377 tt),
1093 1324 1188 1377 pro
1217 1308 1369 1363 nobis
1398 1307 1622 1361 humana
1651 1321 1768 1372 pas-

223 1420 349 1470 sus,
405 1404 672 1472 loquitur:
707 1401 834 1466 Qua!
882 1416 984 1453 non
1031 1399 1217 1462 rapui,
1275 1414 1410 1450 nunc
1463 1395 1768 1450 exs’oluebam

206 1475 461 1561 ,(Psalnt.
495 1491 705 1558 vant).
734 1489 916 1554 Quem
945 1497 1000 1542 et
1026 1488 1077 1541 in
1109 1489 1209 1540 hoc
1235 1486 1503 1554 aptissime
1528 1483 1657 1552 lapis
1685 1484 1772 1536 ille

234 1595 484 1650 Inagnus,
508 1593 668 1647 super
693 1591 846 1645 quem
877 1577 1044 1643 posita
1075 1583 1157 1629 est
1180 1589 1300 1627 arca
1327 1572 1420 1627 Dei
1445 1616 1462 1640 ,
1492 1572 1769 1639 signilirat,

227 1670 370 1737 quod
398 1660 826 1723 oonlinium‘erat
850 1664 1007 1719 Israel
1038 1674 1089 1720 at
1117 1662 1448 1717 Pliilisthiim.
1476 1659 1772 1714 Conlinium

229 1762 425 1828 quippe
470 1758 785 1822 ostenditur,
828 1772 858 1809 a
900 1770 1006 1824 quo
1050 1766 1098 1807 et
1142 1754 1215 1807 illi
1255 1753 1402 1821 quasi
1445 1766 1538 1805 sua
1578 1750 1772 1805 tributa

223 1849 475 1917 esignnt.
504 1855 559 1900 et
583 1859 742 1913 super
768 1856 924 1912 quem
954 1843 1041 1894 isti
1069 1839 1220 1907 quasi
1249 1855 1431 1902 suum,
1461 1853 1635 1892 arcam
1666 1837 1771 1890 Do-

1863 688 1962 755 ipsi
1991 695 2143 753 tunc,
2175 687 2371 758 Spiritu
2403 687 2492 742 Dei
2520 688 2787 740 sulilimati
2809 727 2824 751 ,
2863 701 3148 754 perennem
3182 686 3406 739 tendunt

1861 776 1929 832 ad
1977 777 2232 845 requiem.
2288 775 2508 845 Utrique
2554 784 2730 830 autem
2780 772 2960 828 Sensui
3010 774 3239 828 concinit
3285 781 3408 842 apte

1861 865 2000 934 quod
2029 865 2265 931 sequitur
2287 883 2301 918 :
2374 904 2377 907 -

1935 954 2182 1020 Lusitana
2233 955 2447 1024 populus
2474 996 2491 1023 ,
2547 954 2680 1020 quod
2734 955 3056 1022 percussisset
3112 950 3403 1020 Dominus,

1865 1052 1969 1099 etc.
2018 1041 2147 1112 Quia
2186 1053 2240 1096 et
2280 1034 2602 1096 inﬁrmantia
2633 1043 2715 1096 vel
2746 1043 2984 1095 nutantia
3014 1055 3106 1094 sua
3137 1042 3368 1096 membra
3389 1037 3418 1108 ,'

1868 1143 1923 1187 ut
1972 1133 2037 1186 ad
2084 1140 2276 1187 statum
2319 1132 2598 1200 pristinum
2647 1130 2940 1196 reformet,
2989 1129 3160 1184 ﬂetido
3208 1131 3412 1184 laborat

1869 1221 2143 1285 Ecclesia;
2173 1230 2228 1275 et
2258 1221 2391 1274 bene
2439 1219 2824 1288 prolicientium
2864 1233 3012 1288 :eque
3054 1221 3406 1272 membrorum

1868 1322 2116 1371 suorum,
2147 1323 2264 1376 qua:
2290 1299 2600 1373 concupisse
2629 1314 2684 1360 et
2707 1305 2970 1360 defecisse
2998 1304 3140 1360 videt
3183 1305 3234 1359 in
3278 1307 3412 1359 atrio

1874 1397 2114 1464 Domini,
2144 1397 2332 1452 studiis
2357 1410 2578 1450 accensa
2597 1437 2612 1462 ,
2643 1396 2826 1453 dulces
2850 1395 3132 1449 salutiferae
3159 1410 3414 1461 compun-

1870 1490 2063 1543 ctionis
2114 1487 2621 1559 lacrymaslundit,
2655 1487 2886 1552 dicitque
2928 1486 3196 1541 vulnerata
3240 1487 3418 1540 chari-

1874 1591 2007 1633 tate:
2040 1578 2150 1645 Ego
2176 1595 2320 1642 sum,
2352 1586 2397 1631 et
2423 1576 2592 1630 anima
2622 1592 2731 1630 inea
2757 1576 3029 1647 liquefacta
3058 1575 3160 1641 est,
3178 1585 3240 1627 ‘ut
3267 1575 3410 1628 locu-

1875 1679 1956 1721 tus
1981 1674 2054 1721 est
2084 1666 2252 1737 (Cant.
2283 1668 2338 1736 v)
2365 1685 2380 1731 ;
2410 1675 2464 1720 et
2492 1677 2683 1719 cmtera
2713 1667 2834 1720 talia
2856 1709 2873 1735 ,
2903 1666 3097 1735 quibus
3137 1667 3411 1719 innumera

1874 1756 2261 1827 Scripturarum
2310 1742 2466 1818 loca,
2518 1765 2572 1809 et
2627 1761 2770 1811 totus
2822 1755 3206 1825 quadragesimi
3261 1754 3412 1824 primi

1877 1846 2060 1914 psalmi
2091 1846 2318 1900 refertus
2347 1856 2423 1898 est
2457 1855 2647 1899 textus.
2796 1872 2808 1882 -
3121 1840 3126 1842 ⁷

225 1937 353 1991 mini
386 1943 606 2003 potmnt.
639 1933 758 1999 Ipse
785 1932 925 1985 enim
956 1931 1208 1998 singulari
1240 1931 1434 1997 pietate
1464 1942 1575 1982 sum
1605 1928 1770 1980 virtu-

1947 1935 2012 1989 Et
2055 1935 2288 1989 dixerunt
2333 1936 2425 1988 uiri
2467 1933 2829 1990 Bethsamiue:
2872 1935 2997 2002 Quis
3043 1945 3201 2004 potest
3245 1935 3422 1988 stare?

228 2026 300 2081 tis
329 2040 461 2080 onus
494 2023 746 2077 Ecclesiae
776 2029 983 2089 portat,
1013 2020 1100 2088 qui
1129 2028 1211 2073 est
1239 2034 1335 2088 pax
1366 2026 1543 2072 nostra
1564 2057 1580 2082 ,
1611 2026 1665 2073 et
1691 2016 1786 2083 leo,

222 2117 302 2173 cit
328 2118 552 2182 utraQue
581 2128 765 2167 unum.

302 2205 428 2272 ante
463 2212 571 2258 erat
609 2218 762 2272 usque
796 2202 851 2256 in
888 2201 978 2255 illa
1012 2201 1095 2254 die
1130 2201 1182 2253 in
1217 2217 1342 2271 agro
1369 2199 1541 2252 losum
1567 2197 1775 2260 Bellica-

223 2298 382 2350 mitis.
418 2295 557 2350 Idem
585 2293 794 2358 losum,
820 2293 909 2359 qui
939 2309 1096 2362 supra
1127 2295 1282 2348 Jesus
1309 2301 1421 2357 est,
1452 2303 1506 2349 et
1532 2292 1776 2346 eumdem

231 2387 510 2440 Dominum
553 2384 747 2453 signat.
794 2382 1085 2452 Utrumque
1126 2379 1271 2460 enim
1317 2395 1508 2435 nomen
1539 2381 1779 2437 Salvator

227 2478 624 2542 interpretatur.

302 2550 554 2620 Peream
573 2572 741 2616 autem
762 2561 824 2616 de
847 2562 966 2614 viris
988 2560 1400 2626 Bethsamitibus,
1422 2570 1524 2615 etc.
1552 2558 1662 2614 Non
1688 2574 1745 2611 sa
1759 2589 1776 2600 -

228 2654 478 2711 cerdotes
504 2663 558 2707 et
588 2641 798 2706 Levites
817 2689 834 2713 ,
862 2665 1082 2717 quorum
1110 2650 1272 2705 oflicii
1302 2657 1419 2704 erat
1444 2664 1620 2703 arcam
1654 2661 1779 2716 por-

231 2755 386 2804 tare;
417 2740 512 2794 sed
553 2740 743 2807 vulgus
781 2737 1013 2806 ignobile
1032 2779 1047 2803 ,
1078 2739 1162 2791 cui
1191 2752 1288 2792 nec
1306 2736 1525 2790 videndi
1554 2751 1671 2790 eam
1702 2736 1779 2788 fas

237 2839 390 2894 erat,
421 2828 699 2898 percussit.
735 2827 886 2894 Quod
917 2842 986 2881 ne
1010 2827 1298 2895 pateretur,
1329 2827 1381 2879 in
1411 2826 1591 2879 Exodo
1618 2840 1780 2894 popu-

237 2924 322 2974 lus
348 2934 378 2972 a
403 2918 557 2984 longe
581 2916 752 2968 stabat
777 2923 831 2968 et
855 2915 1074 2982 orabat,
1097 2915 1346 2979 solusque
1371 2914 1574 2982 Moyses
1598 2926 1779 2966 ssren-

231 3008 266 3058 d
295 3014 317 3059 t
357 3004 422 3059 ad
466 3001 767 3058 Dominum.
811 3001 921 3055 Soli
964 3016 1191 3067 namque
1227 2999 1445 3053 scicntia
1485 3008 1540 3052 et
1575 2998 1781 3052 actione

205 3153 207 3155 ,
234 3095 491 3162 perfecti,
521 3092 814 3146 caelestium
839 3089 1273 3157 contemplationi
1299 3087 1350 3141 in
1380 3088 1478 3142 bac
1502 3088 1606 3141 vita
1633 3103 1781 3176 men-

235 3193 342 3236 tem
387 3181 662 3237 intendere
705 3187 918 3236 norunt.
965 3181 1034 3234 At
1075 3180 1118 3232 si
1165 3179 1254 3248 qui
1303 3178 1474 3255 minus
1517 3177 1780 3248 perfectus

231 3269 408 3324 adhuc
441 3268 494 3323 in
526 3268 770 3323 humanis
796 3266 974 3322 divina
1005 3276 1229 3322 tractare
1256 3266 1670 3336 presumpserit,
1693 3282 1779 3319 ca-

202 3348 462 3432 vendum
493 3372 563 3413 ne
589 3358 673 3411 vel
717 3357 941 3432 heresi,
984 3356 1069 3411 vel
1109 3357 1517 3432 desperatione,
1559 3357 1642 3409 vel
1682 3354 1784 3409 alio

244 3428 487 3516 quolibet
513 3428 818 3500 discrimine
841 3443 1212 3499 reverberatur
1235 3431 1357 3511 ejus
1383 3443 1675 3496 inconsulta
1709 3451 1784 3496 te-

235 3536 472 3590 meritas.
505 3534 610 3588 Sed
639 3534 829 3588 melius
860 3533 1082 3586 fortasse
1111 3531 1223 3584 lucc
1267 3532 1537 3600 percussio
1582 3529 1781 3597 plebis,

235 3639 360 3694 quae
413 3637 589 3678 arcam
634 3621 841 3676 Domini
881 3621 1131 3684 vidisset,
1181 3622 1232 3673 in
1274 3621 1412 3674 bono
1455 3620 1782 3686 accipietur;

237 3711 365 3782 quia
405 3722 604 3787 quanto
629 3713 849 3780 quisque
874 3712 1100 3779 amplius
1145 3711 1334 3764 divina:
1376 3720 1582 3764 secreta
1625 3709 1786 3774 maje-

236 3802 405 3859 statis»
426 3800 662 3872 aspicere
689 3799 942 3863 cmperit,
975 3807 1122 3852 tanto
1170 3816 1326 3864 mox,
1356 3801 1421 3852 de
1463 3813 1521 3850 se
1567 3797 1780 3849 humilia

237 3877 508 3956 euntium,
538 3906 568 3943 a
599 3897 706 3943 tota
735 3903 828 3950 sua
863 3888 1097 3955 trepidus
1123 3889 1371 3942 virtutum
1423 3885 1608 3939 fiducia
1653 3887 1785 3939 deli-

237 3987 335 4039 cit.
365 3983 478 4048 Qua
509 3995 572 4034 se
602 3979 754 4048 plaga
796 3977 1140 4031 saluberrima
1185 3988 1484 4043 percussum
1511 3975 1784 4048 tremebat

235 4073 328 4141 qui
357 4069 492 4125 dixit
518 4086 531 4121 :
567 4067 771 4136 Loquar
795 4066 862 4118 ad
892 4062 1159 4118 Dominum
1187 4080 1382 4127 meum,
1413 4079 1526 4117 curn
1551 4066 1646 4117 sim
1671 4066 1787 4131 pul-

233 4162 310 4215 uis
339 4169 387 4213 et
411 4159 539 4211 cinis
567 4156 758 4226 (Exod.
790 4156 966 4225 svnt).
998 4155 1103 4210 Nec
1133 4151 1233 4209 non
1264 4167 1315 4208 et
1341 4155 1636 4220 Psalmista,
1662 4146 1784 4208 cum

235 4244 354 4308 ait:
390 4250 546 4305 Oculi
591 4251 686 4303 mei
731 4250 1016 4318 defecerunt
1058 4251 1112 4302 in
1153 4247 1362 4301 salutari
1408 4257 1498 4302 tuo
1541 4227 1798 4314 (Psalin.

235 4354 410 4395 cxvm
436 4342 476 4406 ).
509 4339 658 4404 Quod
697 4347 776 4390 est
819 4337 1036 4391 dicere:
1081 4351 1186 4406 quo
1230 4337 1386 4390 altius
1429 4333 1781 4390 sacratissima

238 4413 643 4489 t’uidalutaris,
689 4425 742 4478 id
788 4435 896 4487 est,
943 4424 1107 4494 Jesu,
1153 4440 1342 4478 arcana
1390 4425 1688 4493 conspicio,
1719 4432 1785 4476 eo

239 4531 358 4570 mea
383 4493 539 4570 citius
558 4555 574 4580 ,
605 4515 764 4569 etiam
794 4529 909 4582 qua:
937 4513 1088 4567 tortis
1129 4515 1286 4567 rebar
1313 4526 1427 4566 aeta
1448 4553 1465 4579 ,
1496 4515 1640 4568 vitali
1669 4513 1780 4564 vul-

235 4618 368 4659 nere
411 4603 698 4670 percussus
736 4601 988 4670 despicio.
1037 4601 1144 4654 Hoc
1186 4615 1244 4653 se
1292 4601 1438 4668 plaga
1484 4616 1586 4652 non
1627 4599 1783 4653 modo

239 4705 580 4759 percussum,
612 4692 704 4745 sed
739 4701 792 4746 et
817 4701 1081 4746 mortuum
1126 4691 1436 4761 gratulatur,
1483 4691 1570 4757 qui
1610 4691 1782 4745 dixit:

239 4781 352 4864 Ego
375 4782 513 4835 enim
534 4797 623 4848 per
646 4780 804 4849 legem
829 4783 928 4852 legi
952 4791 1178 4835 mortuus
1203 4797 1314 4834 sum
1333 4821 1350 4845 ,
1375 4791 1429 4833 ut
1459 4780 1560 4843 Deo
1585 4782 1742 4834 visam
1765 4796 1784 4834 :

243 4872 446 4926 Christo
489 4871 763 4938 cruciﬁxus
802 4887 917 4925 sum
958 4873 1097 4926 cruci
1137 4865 1348 4939 (Galat.
1382 4871 1481 4940 ll).
1510 4873 1601 4926 Cui
1629 4874 1783 4926 etiam

238 4960 422 5014 sensui
469 4958 989 5028 quinquagenarius,
1034 4959 1115 5013 vel
1162 4962 1619 5027 septuagenarius,
1665 4973 1782 5026 per-

233 5063 520 5104 cussorum
549 5060 801 5102 numerus
821 5085 836 5108 ο
867 5047 957 5113 qui
988 5049 1052 5100 ad
1084 5046 1464 5115 requietionem
1494 5056 1547 5099 et
1573 5047 1785 5113 spiritus

243 5136 421 5190 sancti
445 5128 668 5206 gratiam
699 5133 1097 5204 signiﬁcandam
1137 5134 1496 5205 principaliter
1535 5134 1745 5196 respicit
1767 5173 1782 5198 ,

233 5221 577 5288 astipulatur.
605 5221 753 5297 liam
798 5231 852 5276 et
877 5223 1158 5288 septimam
1203 5217 1378 5286 diem,
1409 5231 1460 5272 et
1502 5222 1783 5286 septimum

237 5323 304 5366 ae
332 5312 822 5380 quinquagesimum
850 5326 1046 5368 annum
1072 5353 1087 5376 ,
1120 5313 1202 5369 lex
1230 5313 1454 5366 sacravit
1492 5310 1542 5362 in
1584 5313 1780 5378 requie.

228 5399 343 5454 Sed
370 5406 426 5454 et
452 5399 679 5466 Spiritus
707 5407 954 5466 sanctus,
982 5401 1133 5469 cujus
1173 5399 1536 5469 septiformem
1565 5399 1783 5466 gratiam

239 5491 400 5543 lsaias
425 5489 644 5552 scribit,
676 5490 1106 5560 quinquagesima
1136 5490 1414 5545 dominicae
1440 5492 1784 5546 resurrectio-

225 5579 320 5636 Itis
341 5579 432 5635 die
451 5578 764 5648 pﬁmitivam
788 5582 1062 5640 descendit
1089 5585 1139 5637 in
1163 5583 1468 5638 Ecclesiam.
1491 5579 1619 5635 Cum
1638 5584 1782 5642 enim

231 5685 376 5726 nunc
401 5673 578 5724 annos
592 5665 830 5725 internus
859 5674 911 5726 in
941 5684 1120 5731 urente
1149 5673 1392 5727 habendo
1431 5682 1624 5741 negant
1651 5688 1781 5727 con-

223 5761 392 5819 solari
420 5761 652 5820 animam
678 5777 826 5816 suam
844 5803 858 5828 ,
888 5764 1103 5834 suaque
1127 5764 1222 5821 Dei
1249 5761 1499 5820 memoria
1529 5763 1780 5820 delectari

1875 2039 1977 2085 etc.
2010 2027 2116 2083 Viri
2141 2013 2333 2082 domus
2357 2027 2512 2092 solis,
2544 2027 2596 2081 id
2627 2036 2741 2092 est,
2769 2041 3013 2095 superna:
3042 2026 3222 2095 patria:
3249 2027 3415 2088 cives,

1878 2119 1928 2172 in
1963 2125 2102 2182 terra
2132 2117 2531 2187 peregrinantes
2557 2134 2572 2182 ;
2603 2125 2657 2171 et
2683 2118 2728 2172 si
2761 2132 2943 2185 parum
2972 2117 3201 2184 aliquid,
3229 2125 3281 2169 et
3322 2116 3421 2170 hoc
3478 2127 3480 2129 ‘

1877 2215 2114 2275 raptum,
2147 2205 2213 2260 de
2238 2214 2469 2273 eterna,
2499 2221 2657 2274 quam
2696 2205 2911 2273 sitiunt,
2952 2206 3068 2261 luce
3104 2206 3377 2275 degustant
3400 2245 3416 2267 ,

1880 2295 2132 2350 co‘ntinuo
2160 2309 2217 2349 se
2246 2309 2400 2361 quam
2433 2295 2562 2348 nihil
2591 2294 2659 2348 de
2687 2309 2784 2349 suo
2812 2296 2922 2348 sint
2951 2282 3276 2360 intelligunt,
3304 2308 3421 2347 me-

1881 2380 2085 2453 ritoque
2115 2394 2364 2454 paventes
2403 2385 2626 2438 dicunt:
2671 2385 2803 2451 Quia
2844 2401 2945 2438 non
2977 2385 3340 2454 justiﬁcabitur
3366 2386 3421 2434 in

1877 2481 2145 2543 conspecta
2182 2483 2268 2526 tuo
2305 2474 2468 2528 omnis
2513 2475 2678 2528 virens
2707 2472 2942 2544 (Psalm.
2974 2489 3118 2528 cxut
3138 2471 3178 2543 ).
3208 2473 3336 2539 Quia
3367 2480 3421 2526 et

1877 2563 1922 2616 si
1949 2561 2062 2630 quis
2086 2560 2284 2631 judicio
2313 2561 2581 2615 hominum
2612 2571 2753 2617 stare
2780 2563 3005 2627 videtur,
3030 2551 3138 2631 jam
3163 2574 3335 2616 tamen
3364 2562 3419 2616 in

1879 2658 2172 2716 conspectu,
2213 2650 2406 2703 divina
2455 2649 2738 2717 MajeStatis
2779 2649 2958 2717 jacere
3008 2650 3417 2713 comprobatur;

1881 2739 2228 2823 modestoque
2257 2749 2320 2790 ac
2361 2737 2588 2806 benigno
2613 2736 2870 2803 consilio,
2902 2746 3019 2806 post
3047 2735 3320 2790 sublimem
3351 2735 3420 2810 il-

1843 2844 1853 2858 i
1881 2828 1990 2882 ium
2023 2828 2122 2880 sibi
2157 2826 2256 2880 soli
2286 2823 2794 2895 Deoquecognitum
2824 2827 3119 2903 dilectionis
3144 2827 3417 2892 ardorem,

1883 2917 2137 2986 proximis
2179 2930 2389 2984 quoque
2415 2917 2710 2977 minoribus
2730 2955 2745 2980 ,
2776 2932 2892 2983 qua
2922 2931 3111 2984 capere
3137 2917 3236 2984 ipsi
3274 2917 3420 2970 suill-

1880 3004 2051 3069 cisnt,
2084 3019 2302 3058 munera
2335 3004 2570 3059 scientia
2601 2992 2888 3071 spiritualis
2916 3006 3236 3074 impertiuut.
3264 3006 3419 3060 Juxta

1881 3095 2022 3165 quod
2077 3111 2295 3171 magnus
2343 3094 2435 3150 ille
2483 3097 2615 3150 civis
2643 3096 2983 3150 ‘Betbsamita
3029 3096 3233 3152 dicebat
3260 3114 3274 3150 :
3304 3098 3422 3152 Sive

1884 3190 2013 3240 enim
2040 3197 2202 3241 mente
2229 3187 2506 3240 excidimus
2529 3185 2655 3254 ⁷οεο
2674 3227 2689 3248 ,
2742 3189 2846 3252 siue
2870 3187 3021 3240 sobrii
3050 3204 3244 3253 sumus,
3287 3188 3422 3240 vobis

1885 3273 1970 3347 (ιι
2001 3275 2119 3329 Cor.
2149 3276 2228 3344 v).
2263 3276 2326 3328 Et
2356 3275 2454 3329 hoc
2482 3283 2564 3330 est
2590 3274 2729 3344 quod
2754 3275 3008 3344 sequitur,
3038 3276 3328 3331 dicentibus
3355 3278 3421 3330 de

1873 3379 2003 3420 arca
2037 3363 2245 3419 Domini
2272 3363 2610 3419 Betbsamitis
2633 3379 2648 3417 :
2709 3387 2712 3390 θ
3009 3381 3012 3384 λ
3251 3370 3275 3394 ‘~

1952 3455 2020 3508 Et
2056 3454 2125 3508 ad
2161 3471 2306 3523 quens
2341 3455 2572 3506 ascendet
2606 3470 2639 3506 a
2677 3455 2862 3508 nobis?
2903 3467 3006 3508 etc.
3058 3456 3419 3509 Cariatliiarim

1883 3532 2074 3611 quippe
2111 3555 2229 3607 qua
2265 3540 2448 3594 civitas
2484 3541 2732 3596 silvarum
2778 3542 2987 3605 dicitur,
3020 3557 3260 3610 magnam
3301 3545 3420 3597 vita:

1883 3629 2286 3698 perfectionem,
2317 3629 2410 3682 sed
2452 3629 2704 3684 minorem
2743 3632 2984 3684 nimirum
3014 3649 3167 3699 quam
3203 3633 3419 3689 Bethsa-

1883 3729 2026 3782 mes,
2059 3716 2109 3769 id
2147 3726 2262 3782 est,
2302 3717 2490 3772 domus
2527 3719 2684 3782 solis,
2727 3721 3002 3787 signiﬁcat.
3037 3723 3155 3776 Ilaec
3193 3740 3418 3791 namque

1881 3809 2337 3877 contemplationis
2359 3811 2753 3874 sublimitatem,
2775 3814 2892 3879 quia
2917 3815 3043 3866 beati
3066 3815 3249 3866 mundo
3271 3817 3420 3878 corde
3498 3843 3500 3845 >

1887 3897 2050 3951 Deum
2081 3899 2314 3952 ridebant
2342 3898 2549 3968 (Matth.
2581 3899 2666 3967 v);
2700 3901 2783 3951 illa
2813 3901 3229 3954 commnuimiem
3273 3917 3422 3955 mons

1884 3999 2022 4043 strat
2047 3989 2231 4043 activa:
2258 4005 2406 4043 conv.
2431 3990 2673 4043 rsationis
2692 4030 2706 4050 .
2738 3994 2839 4058 qua
2869 4004 2990 4043 suos
3016 4005 3222 4059 quoque
3251 3989 3421 4044 feren-

1887 4081 1957 4131 tia
1986 4077 2187 4132 l'ructus
2215 4069 2554 4133 exsultabant
2592 4079 2766 4132 omnia
2821 4079 2956 4147 ligna
3003 4080 3250 4133 silvarum
3297 4090 3420 4132 ante

1884 4168 2069 4222 faciem
2103 4169 2341 4233 Domini,
2369 4171 2614 4238 quoniam
2644 4167 2820 4233 venit,
2847 4180 2899 4222 et
2929 4171 3254 4222 mansionem
3279 4171 3416 4236 apud

1883 4271 1945 4311 ea
1989 4257 2131 4310 facit.
2183 4258 2250 4310 Et
2291 4247 2357 4312 de
2390 4258 2682 4313 lletbsamis
2709 4273 2826 4311 arca
2857 4256 3219 4312 Cariatliiarim
3254 4261 3415 4313 mitti-

1884 4349 1988 4412 tu‘r,
2019 4347 2140 4414 quia
2168 4347 2342 4400 divina
2371 4348 2537 4414 gratia
2585 4360 2722 4401 nunc
2764 4363 3069 4416 magnorum
3117 4349 3310 4413 corda,
3363 4358 3420 4403 ut

1883 4450 2083 4490 summa
2114 4451 2208 4504 per
2237 4438 2392 4490 iidem
2418 4438 2858 4504 contemplentur,
2905 4439 3190 4491 inﬂannnat
3209 4479 3224 4501 ,
3278 4451 3416 4492 nunc

1813 4554 1862 4612 υ
1887 4525 2158 4579 humilium
2191 4537 2400 4594 pectora
2431 4525 2816 4608 inchoantium,
2850 4535 2908 4579 ut
2936 4526 3213 4580 multifaria
3255 4527 3422 4596 bono-

1886 4629 2000 4688 rum
2027 4628 2246 4682 Operam
2277 4615 2424 4682 quasi
2457 4618 2608 4681 poma
2634 4603 2876 4680 gignant,
2906 4613 3136 4682 adjuvat.

2473 4719 2693 4773 CAPUT
2731 4719 2837 4773 Xll.

1887 4807 2203 4884 Bethsamitis
2230 4825 2294 4884 ea:
2321 4816 2460 4876 parte
2487 4810 2760 4884 percussis,
2803 4811 3046 4884 εοῌᾳιωόΔ
3080 4812 3240 4884 minus
3277 4814 3421 4884 digni

1950 4894 2115 4932 arcam
2155 4879 2320 4930 videre
2363 4880 2764 4947 prasampserint
2789 4921 2804 4945 ,
2853 4878 3201 4932 Cariatharitae
3258 4878 3417 4935 susci-

1949 4949 2088 5017 piunt
2115 4956 2160 5017 et
2189 4947 2360 5016 viginti
2384 4947 2531 5017 annis
2561 4949 2864 5017 custodiant.
2900 4948 3089 5001 Deinde
3116 4951 3418 5004 admonente

1953 5015 2205 5088 Samuel,_
2235 5015 2411 5088 Israel
2431 5016 2583 5068 idolis
2609 5017 2793 5088 relictis
2825 5015 3038 5088 90mins
3069 5023 3216 5088 servit
3237 5058 3252 5081 ,
3284 5022 3410 5088 υπα-

1895 5106 1903 5110 “
1951 5095 2085 5138 rente
2113 5085 2286 5135 eodem
2327 5085 2689 5137 holocaustum.
2735 5084 3047 5138 Philisthiim
3091 5084 3414 5139 Domino'in-

1950 5165 2149 5224 tonante
2177 5162 2423 5224 terrentur
2449 5165 2497 5206 et
2528 5155 2742 5224 fugiunt.
2776 5156 2981 5208 Samuel
3008 5155 3416 5223 lsrael-judicat,

1949 5232 1994 5277 et
2021 5222 2074 5274 in
2105 5219 2360 5273 flamatlta
2386 5219 2605 5275 Domino
2628 5225 2785 5277 altare
2811 5225 3048 5289 ludiﬁcat.

1950 5309 2006 5378 (l
2032 5309 2158 5377 Reg.
2192 5309 2321 5378 vn.)
2359 5310 2605 5366 Venerunt
2632 5327 2750 5380 ergo
2773 5313 2868 5364 uiri
2895 5312 3276 5378 Cariatlsiarint,
3307 5323 3411 5370 etc.

1886 5399 2149 5453 Venerunt
2191 5400 2352 5455 fortes
2391 5402 2671 5466 Ecclesiae,
2717 5401 3022 5456 multiformi
3062 5404 3407 5473 spiritualium

1880 5490 2143 5543 actionum
2175 5492 2411 5557 germine
2439 5489 2645 5544 fecundi
2664 5530 2679 5555 ,
2708 5500 2762 5546 et
2789 5501 3084 5566 susceptam
3112 5508 3141 5545 a
3170 5492 3326 5546 celsis
3353 5495 3417 5546 li-

1881 5581 1963 5637 dei
2008 5583 2508 5649 contemplatoribus
2536 5581 2727 5637 divina
2754 5585 3033 5648 voluntatis
3061 5583 3408 5651 cognitionem

1882 5673 1944 5726 ad
1974 5687 2033 5726 se
2059 5686 2288 5741 suosque
2318 5671 2704 5739 perduxerunt,
2736 5675 3160 5741 collocaruutque
3193 5671 3325 5726 hanc
3355 5675 3407 5727 in

1882 5764 1986 5815 alto
2007 5762 2164 5817 corde
2186 5762 2390 5818 illorum
2417 5760 2504 5830 qui
2536 5760 2815 5818 habitantis
2845 5763 2896 5818 in
2927 5775 2984 5818 se
3003 5762 3224 5833 Spiritus
3243 5762 3411 5818 sancti
