3916 6260
449 398 554 455 939

949 395 1149 453 ΒΕοΕ
1194 397 1638 453 VENEHADILIS
1678 397 1950 452 OPEllUH
1985 397 2010 496 ’1

2112 397 2165 452 l8
2205 397 2353 453 n.—
2386 399 2771 458 EXEGETICA
2815 371 3137 461 ossuum.

3575 407 3673 460 5‘0

450 491 621 559 gratia
642 528 658 554 ,
704 488 957 559 templum
987 489 1076 544 Dei
1116 504 1235 543 esse
1281 499 1616 560 meruerunt,
1646 489 1837 558 quibus
1865 488 2000 541 dedit
2031 490 2074 547 Δ
2106 490 2295 544 ηιιιὼιε
2325 502 2383 545 et
2409 501 2578 546 status
2605 497 2854 564 temporis
2875 511 2978 565 quo
3003 497 3213 552 Samuel
3239 495 3425 552 lsraeli
3457 501 3669 566 prmitie-

461 586 760 646 potestatem
804 577 936 643 ﬁlius
991 578 1082 631 Dei
1123 579 1269 646 ﬁeri,
1315 579 1652 633 credentibus
1694 579 1744 630 in
1792 594 1822 629 n
1863 577 2002 631 mine

453 671 572 736 ejus
605 666 786 735 (Joan.
817 669 898 735 l),
931 682 1061 736 quos
1093 669 1386 721 voluntarie
1414 669 1594 733 genuit
1623 667 1783 720 verbo
1813 668 2000 720 verita-

460 763 548 813 tis.
579 758 867 812 Aminadab
900 762 1099 827 'quippe
1120 800 1136 822 ,
1180 761 1271 826 qni
1313 769 1461 826 pater
1505 775 1654 812 meus
1683 769 2004 827 spontaneum

457 851 668 916 dicitur,
698 865 817 903 eum
850 840 1093 902 nimirum
1125 851 1212 916 qui
1235 891 1249 913 ,
1283 866 1398 902 cum
1429 852 1498 903 sit
1531 851 1778 904 Dominus
1807 852 1923 904 εαξη
1953 861 2006 904 et

461 951 618 996 terra:
639 982 656 1008 ,
687 943 839 996 nobis
869 943 1032 1023 gratia
1068 942 1222 995 Pater
1269 939 1433 994 factus
1462 950 1544 995 est
1564 983 1577 1005 ,
1609 943 1866 1010 designat.
1898 940 2003 994 Ga-

463 1033 562 1088 baa
585 1075 598 1097 ,
631 1033 770 1101 quod
805 1033 1183 1099 interpretatur
1207 1032 1358 1084 collis
1378 1073 1393 1095 ,
1422 1041 1470 1085 et
1513 1032 1881 1100 intelligendus
1925 1042 2006 1084 est

464 1124 653 1190 aliquis
681 1123 828 1176 locus
856 1121 1080 1174 eximius
1111 1121 1160 1174 in
1193 1118 1594 1186 Cariatbiarim,
1623 1120 1701 1173 vel
1731 1128 1874 1174 certe
1904 1134 1996 1171 ars

459 1215 698 1283 ejusdem
731 1211 896 1267 fuisse
925 1213 1174 1278 civitatis,
1207 1211 1539 1266 altitudinem
1573 1210 1815 1280 perfecte
1842 1211 2006 1262 actiu-

463 1306 544 1357 nis
569 1303 820 1357 insinuat.
851 1301 904 1354 ln
933 1317 1036 1372 quo
1067 1302 1316 1354 nimirum
1346 1301 1482 1353 colle
1512 1300 1736 1353 infertur
1757 1314 1876 1354 arca
1905 1301 2006 1351 Do-

463 1396 611 1457 mini,
637 1409 753 1447 cum
784 1394 960 1447 divina
985 1393 1229 1445 voluntas
1250 1391 1566 1456 ostenditur,
1586 1391 1636 1444 lii
1664 1399 1785 1443 sunt
1814 1405 2008 1456 praeor-

465 1485 630 1538 dinati
657 1485 722 1537 ad
751 1487 908 1536 vitam
943 1493 1213 1536 attentam.
1243 1482 1404 1551 Cujus
1430 1483 1784 1537 o-tensionem
1816 1479 2007 1534 divina:

459 1577 723 1639 scientiae,
767 1577 885 1642 quia
931 1589 1086 1627 nemo
1130 1584 1300 1643 potest
1343 1574 1442 1627 uisi
1489 1574 1704 1627 humilis
1745 1570 2000 1640 adipisci,

458 1677 602 1720 recte
651 1667 951 1727 accepturis
1003 1679 1180 1718 arcam
1227 1664 1614 1718 Cariatbiaritis
1664 1661 2005 1717 Detbsamita:

457 1757 747 1810 dicebant:
782 1755 1124 1810 Rednxerunt
1169 1755 1488 1810 Pliilistltiim
1530 1770 1708 1811 arcam
1755 1752 2000 1816 Domini;

458 1847 763 1899 descendite
785 1886 800 1909 ,
831 1855 886 1898 et
914 1846 1086 1900 ducite
1125 1860 1240 1900 eam
1281 1846 1346 1898 ad
1393 1860 1506 1899 vos.
1536 1844 1684 1910 Quod
1715 1852 1800 1899 est
1825 1853 2008 1910 aperte

459 1935 673 1990 Jndznos
705 1938 756 1990 in
790 1939 892 1990 line
922 1936 1106 1992 mundi
1137 1938 1419 1990 credentes
1449 1937 1707 2005 proximis
1745 1935 1810 1989 ad
1852 1936 2006 1988 fidem

459 2026 708 2081 vocandis
737 2025 957 2085 dicere:
1008 2027 1286 2080 Ileduxere
1317 2025 1468 2078 nobis
1507 2024 1780 2078 scientiam
1824 2026 2009 2094 gratim

458 2127 670 2184 gentes,
717 2132 835 2183 quae
861 2117 948 2170 diu
972 2158 985 2179 ,
1016 2118 1169 2170 nobis
1208 2115 1527 2178 incredulis.
1557 2115 1673 2181 ejus
1710 2127 1829 2168 sunt
1870 2115 2010 2168 dono

465 2205 666 2273 potita.
703 2205 1016 2258 Descendite
1045 2206 1111 2258 de
1155 2205 1311 2273 longo
1341 2204 1602 2272 superbire
1631 2203 1767 2257 fastu
1790 2244 1802 2268 ,
1833 2213 1885 2258 et
1914 2203 2010 2256 hu-

462 2295 589 2347 mile
632 2294 813 2364 jugutn
868 2294 986 2347 fidei
1043 2294 1270 2349 humiles
1315 2293 1480 2348 corde
1533 2295 1801 2362 suscipite.
1859 2294 2008 2360 Qttud

459 2387 619 2438 etiam
641 2427 658 2448 ,
689 2386 824 2439 sicut
855 2399 1049 2440 caetera
1078 2387 1320 2441 lectionis
1353 2385 1572 2453 hujusce
1599 2385 1801 2450 series,
1834 2386 2008 2455 quoti.

461 2479 620 2530 diann
649 2488 830 2532 nostro
861 2478 1017 2533 statui
1045 2488 1098 2532 et
1129 2475 1454 2533 variantibus
1482 2476 1819 2533 diversorum
1849 2475 2011 2531 nteri-

459 2571 525 2624 tis
556 2578 725 2636 potest
753 2568 1020 2638 aptissime
1048 2582 1356 2636 congruere.
1391 2607 1420 2641 ._

530 2659 834 2714 Eleazarum
874 2669 1037 2712 autem
1077 2659 1240 2726 ﬁlium
1269 2658 1380 2727 ejus
1407 2656 1873 2722 sanctiﬁrarerttnt,
1903 2663 2010 2708 etc.

460 2750 687 2807 Sanctos
716 2764 955 2817 quosque
984 2763 1048 2802 ac
1074 2749 1281 2814 doctos,
1310 2759 1362 2801 et
1406 2747 1630 2800 ﬁliorum
1677 2747 1768 2800 Dei
1798 2746 2012 2800 nomine

463 2841 678 2908 elegere
708 2840 984 2905 doctores,
1028 2841 1117 2908 qui
1153 2838 1403 2892 Ecclesia:
1437 2848 1632 2891 statum
1662 2837 2007 2891 custodirent.

463 2930 686 2984 Eleazar
727 2943 983 2996 namque,
1025 2927 1115 2998 qui
1159 2927 1249 2982 Dei
1293 2928 1503 2998 adjutnr
1544 2927 1755 2990 dicitur,
1801 2926 2008 2980 illorum

461 3024 749 3094 ﬁguraliter
797 3031 994 3076 coetum
1041 3021 1325 3090 exprimit,
1373 3019 1460 3088 qui
1503 3019 1680 3073 dicere
1724 3034 1841 3072 cum
1873 3025 2010 3082 Apo-

461 3116 599 3169 stolo
629 3124 844 3181 possunt
874 3131 886 3166 :
924 3111 1016 3166 Dei
1041 3115 1171 3165 enim
1201 3129 1373 3166 sumus
1399 3113 1660 3182 adjutores
1686 3109 1738 3179 (1
1758 3108 1878 3167 Cor.
1907 3111 2005 3180 ut).

468 3207 534 3259 Et
561 3205 684 3259 alibi
714 3223 726 3257 ε
765 3202 875 3274 Ego
902 3204 1158 3273 plantavi,
1208 3201 1389 3273 Apollo
1428 3204 1644 3272 rigavit,
1677 3202 1809 3256 Deus
1845 3211 2010 3255 autem

463 3297 822 3358 incrementum
850 3292 987 3345 dedit
1019 3289 1070 3362 (1
1078 3291 1206 3358 bid.)

535 3383 598 3436 Et
643 3388 833 3454 factum
871 3390 975 3446 est,
1008 3397 1070 3435 ea:
1105 3397 1206 3450 qua
1249 3381 1332 3433 die
1371 3381 1551 3434 inansft
1598 3396 1716 3434 arca
1752 3381 1803 3433 in
1830 3379 2008 3433 Curia-

464 3472 698 3536 tltiarim,
728 3481 836 3546 etc.
876 3472 939 3524 Et
969 3472 1053 3524 hic
1081 3471 1269 3524 activa:
1296 3465 1795 3542 «contemplativa:
1836 3469 2010 3538 perfeo

461 3553 658 3618 ctionis
686 3563 900 3618 intuere
927 3552 1254 3615 distantiam.
1289 3561 1424 3618 Ecce
1452 3560 1592 3614 enim
1623 3574 1743 3617 arca
1775 3561 2009 3628 Domini,

463 3666 584 3720 qua
611 3651 695 3704 vix
727 3665 826 3703 una
859 3649 949 3704 die
978 3666 1082 3717 qua
1115 3658 1338 3706 venerat
1367 3651 1419 3703 in
1450 3664 1578 3719 agro
1606 3649 1766 3705 Josue
1797 3651 2014 3705 Betbsa-

469 3741 616 3798 mitis
648 3756 985 3808 perseverare
1017 3740 1225 3808 potuit;
1257 3750 1314 3794 et
1349 3756 1456 3796 non
1497 3743 1666 3796 solum
1706 3742 1881 3797 Gabaa
1903 3784 1919 3804 ,
1962 3743 2012 3798 id

465 3845 550 3892 eat
570 3874 585 3897 ,
617 3849 792 3888 arcem
822 3833 1130 3887 Betbsames
1158 3832 1470 3897 ascendere,
1499 3833 1592 3887 sed
1625 3850 1690 3888 ne
1721 3835 1860 3901 ipsas
1898 3833 2014 3901 qui-

463 3927 585 3980 dem
612 3925 730 3996 ejus
769 3925 977 3979 valebat
1018 3923 1171 3992 plane
1209 3932 1388 3991 portas
1435 3922 1655 3977 intrare.
1690 3923 2011 3977 Perveuiens

469 4033 644 4075 autem
679 4021 730 4074 in
762 4005 1167 4084 Cariatbiarim,
1196 4025 1250 4070 et
1277 4015 1464 4071 collem
1495 4015 1634 4069 illius
1665 4015 1806 4068 illata
1826 4055 1842 4080 ,
1874 4017 2016 4070 vice-

471 4118 663 4168 simum
697 4127 861 4182 usque
888 4109 1084 4165 ibidem
1103 4154 1117 4176 ,
1145 4108 1504 4178 multiplicatis
1532 4109 1777 4162 virtutum
1804 4107 2010 4173 diebus,

471 4195 868 4270 pertttattsitad
909 4183 1142 4280 annum,
1174 4203 1294 4272 quia
1340 4202 1573 4257 caelestis
1610 4202 1730 4256 vita:
1772 4211 2013 4256 contem-

466 4297 662 4363 pTatio,
689 4293 1010 4363 degentibus
1037 4294 1089 4348 in
1120 4309 1280 4349 carne
1305 4294 1506 4348 sanctis
1525 4335 1540 4357 ,
1567 4295 1651 4348 vix
1682 4294 1746 4348 ad
1777 4309 2017 4348 momen-

470 4396 577 4439 tum
611 4390 783 4449 potest
809 4381 1049 4460 delibari.
1076 4380 1273 4450 Corpus
1297 4384 1436 4436 enim
1454 4422 1472 4447 ,
1497 4384 1630 4449 quod
1653 4386 2013 4453 corrumpitur,

2106 581 2172 632 rit
2193 581 2512 638 ostendatur.
2563 583 2741 652 Neque
2763 588 2903 639 enim
2931 598 3006 654 ut,
3035 587 3251 656 quidam
3273 589 3664 659 cltronngrapbi

2107 671 2291 724 frustra
2343 676 2618 728 turbantur
2671 677 2848 744 viginti
2889 668 3047 742 anni,
3088 678 3277 747 quibus
3303 680 3506 733 ibidem
3546 695 3661 734 area

2107 764 2335 832 mansit,
2368 781 2532 834 usque
2581 768 2645 842 ad
2694 779 2932 821 octavum
2985 771 3150 837 regni,
3199 770 3370 823 .David
3429 785 3658 833 annum,

2104 851 2309 919 quando
2329 852 2396 906 ab
2417 855 2528 921 ipso
2551 853 2928 926 Jerosolymam
2949 860 3192 910 translata
3221 868 3319 921 est,
3367 860 3664 926 pertingere

2108 941 2316 1007 putandi
2345 953 2485 996 sunt.
2517 944 2759 1013 Legimus
2774 961 3010 1011 ,namque
3039 947 3284 1012 inferius,
3320 949 3370 1000 in
3401 947 3661 1016 principio

2109 1030 2250 1098 regni
2297 1029 2420 1085 Saul
2452 1047 2567 1086 eam
2611 1033 2766 1088 fuisse
2807 1016 3074 1089 inOGabaa
3126 1035 3420 1106 Beniamin,
3453 1038 3663 1093 dicente

2105 1118 2409 1187 Scriptura:
2444 1121 2506 1175 Et
2559 1126 2629 1177 ait
2671 1125 2800 1180 Saul
2824 1127 2892 1176 ad
2919 1125 3127 1178 Acltiam
3150 1142 3169 1181 :
3224 1128 3438 1197 Appliea
3495 1144 3663 1182 art-act

2110 1206 2220 1262 Dei.
2249 1207 2373 1263 Erat
2399 1212 2533 1263 enim
2554 1212 2623 1264 ili
2660 1229 2778 1265 arca
2812 1211 2900 1265 Dei
2923 1213 2974 1265 in
3001 1213 3082 1268 die
3105 1215 3194 1268 illa
3214 1231 3322 1266 cum
3351 1215 3472 1282 ﬁliis
3499 1214 3666 1270 Israrl

2107 1296 2156 1360 (Ι
2194 1297 2320 1366 Reg.
2351 1299 2484 1366 xtv.)
2527 1301 2752 1367 Ideoque
2798 1303 3086 1372 intelligere
3114 1303 3399 1367 debemus,
3457 1314 3662 1359 tacente

2109 1387 2230 1440 licet
2257 1386 2522 1454 Scriptura
2548 1431 2564 1453 ,
2607 1392 2876 1444 reductam
2925 1408 3040 1446 eam
3091 1404 3208 1459 post
3250 1394 3361 1448 haec
3389 1395 3458 1447 de
3488 1394 3661 1450 Gabaa

2081 1474 2375 1543 -Benjamin
2399 1515 2412 1538 ,
2445 1477 2497 1528 in
2551 1477 2725 1532 Cabaa
2753 1521 2766 1543 ,
2797 1481 2844 1532 id
2867 1489 2981 1545 est.
3030 1481 3218 1536 collem
3249 1483 3618 1539 Carinthiarim
3645 1527 3660 1548 ,

2109 1565 2244 1619 unde
2302 1577 2553 1632 regnante
2608 1566 2768 1621 David
2820 1570 2871 1621 in
2920 1569 3214 1624 Jerusalem
3265 1574 3661 1629 transferretur.

2106 1655 2219 1709 Non
2251 1665 2425 1710 autem
2449 1658 3035 1726 absquesigniﬁcatione
3091 1664 3326 1731 mysterii
3358 1665 3546 1718 credas
3572 1682 3659 1718 ar-

2108 1759 2222 1798 cam
2273 1745 2473 1801 Domini
2519 1750 2600 1802 sic
2651 1750 2795 1803 varia
2846 1765 2941 1818 per
2994 1753 3104 1804 loca
3139 1761 3413 1816 mutatam,
3441 1764 3501 1807 ut
3527 1772 3662 1810 nunc

2044 1811 2082 1867 Β
2114 1836 2388 1892 Dominum
2438 1839 2565 1894 solis
2599 1839 2786 1904 adeat,
2817 1857 2954 1896 nunc
2976 1843 3238 1898 civitatem
3268 1844 3520 1899 silvarum
3566 1861 3659 1899 su-

2113 1926 2251 1993 beat,
2303 1941 2441 2004 nunc
2481 1927 2711 1997 adjutrix
2739 1931 2873 1984 inter
2899 1942 3069 1985 castra
3099 1941 3301 2002 pareat,
3327 1947 3466 1987 nunc
3481 1936 3663 1987 civita-

2111 2026 2213 2069 tein
2243 2017 2491 2071 silvarum
2519 2029 2752 2088 repetat,
2780 2029 2834 2074 et
2856 2021 3069 2077 dimissa
3096 2024 3209 2079 Silo
3236 2025 3421 2094 repulit
3443 2014 3664 2080 taberna-

2109 2107 2276 2160 culum
2319 2107 2432 2163 Silo
2489 2107 2709 2180 (Psalnt.
2759 2112 2990 2181 tum),
3043 2113 3108 2167 ad
3156 2112 3395 2168 ultimum
3426 2126 3658 2170 monte

2111 2197 2262 2262 Sion,
2287 2213 2442 2266 quem
2469 2199 2670 2264 dilexit,
2689 2202 2959 2267 ascendit;
2992 2203 3083 2257 sed
3110 2212 3165 2257 et
3194 2204 3315 2258 inde
3345 2214 3517 2259 castra
3544 2205 3659 2258 duci

2111 2301 2163 2344 et
2196 2290 2375 2344 reduci
2411 2306 2514 2345 non
2538 2294 2768 2347 omittat.
2801 2293 3035 2364 Denique
3060 2295 3211 2350 Urias
3239 2311 3358 2349 cum
3388 2295 3548 2349 David
3581 2298 3660 2348 lo-

2110 2397 2301 2449 quens,
2347 2392 2585 2453 tempore
2629 2384 2751 2439 belli
2793 2385 3151 2448 Ammonitici,
3176 2389 3275 2443 sub
3301 2389 3526 2456 pellibus
3545 2404 3658 2443 eam

2111 2471 2269 2524 fuisse
2307 2472 2599 2540 designavit
2651 2471 2722 2543 (I
2756 2472 2882 2527 Par.
2935 2477 3087 2544 χιιι).
3131 2475 3197 2529 Et
3254 2478 3366 2532 lt.1:c
3411 2493 3572 2548 usque
3596 2481 3658 2532 ad

2116 2572 2350 2629 tempora
2381 2562 2725 2616 dedicationis
2778 2564 2967 2620 domus
2994 2567 3106 2634 Dei,
3141 2584 3243 2635 qua
3278 2580 3578 2638 perpetuam
3607 2572 3658 2626 in

2112 2660 2290 2703 sancta
2347 2661 2646 2706 sanctorum
2691 2654 2868 2708 sedem
2893 2658 3181 2711 mansionis
3208 2659 3430 2726 accepit.
3455 2659 3660 2728 Nequa-

2113 2756 2268 2810 quam
2301 2743 2410 2797 btec
2439 2744 2655 2816 frustra,
2684 2748 2774 2800 sed
2813 2749 2864 2801 in
2899 2749 3146 2804 Ecclesia:
3178 2759 3355 2820 typum
3386 2767 3529 2822 gesta
3558 2769 3660 2807 co-

2117 2848 2331 2901 gnosce,
2362 2851 2476 2904 quae
2501 2838 2554 2891 in
2585 2839 2916 2905 multimoda,
2946 2841 3040 2896 sed
3073 2843 3426 2909 pacatissiuta,
3450 2860 3659 2899 suorum

2112 2924 2417 2981 diversitate
2447 2929 2806 2983 membrorum
2835 2946 2971 2984 nunc
3001 2931 3303 2986 tlieoretica:
3327 2934 3446 2987 vita
3471 2933 3661 2987 dulcis-

2113 3017 2244 3070 sima
2276 3019 2391 3072 luce
2416 3019 2624 3084 fruitur,
2649 3021 2910 3089 gustando
2933 3032 2986 3075 et
3009 3021 3238 3076 videndo
3259 3024 3510 3092 quoniam
3537 3039 3658 3078 sua-

2115 3105 2191 3156 vis
2218 3115 2302 3158 est
2327 3106 2577 3161 Dominus
2601 3150 2616 3173 ,
2647 3123 2784 3162 nunc
2811 3112 2997 3164 activa:
3025 3110 3324 3164 devotionis
3353 3113 3617 3167 condensa
3637 3153 3652 3176 .

2118 3196 2323 3251 minore
2343 3197 2554 3263 quidam
2585 3199 2774 3252 mentis
2819 3199 3008 3254 ardore
3048 3201 3130 3254 vel
3186 3192 3386 3255 lumine
3433 3203 3658 3268 laetata,

2114 3284 2204 3338 sed
2236 3299 2337 3338 ιιοιι
2367 3287 2569 3340 minore
2591 3288 2741 3342 bona
2761 3289 3082 3357 Operationis
3115 3289 3262 3358 fruge
3287 3290 3511 3345 fecunda
3539 3294 3657 3345 sub-

2115 3374 2299 3442 intrat;
2378 3391 2517 3431 nunc
2565 3386 2755 3432 contra
2807 3379 3134 3433 adversantis
3199 3382 3382 3435 mundi
3435 3382 3655 3449 pericula

2112 3467 2435 3536 spiritunlem
2469 3470 2720 3523 virtutum
2749 3455 2989 3525 militiam
3015 3478 3206 3537 armat;
3236 3486 3335 3525 nec
3364 3472 3506 3526 inter
3531 3473 3659 3527 resi-

2112 3561 2354 3612 stendum
2398 3561 2715 3615 adversariis
2760 3578 2867 3617 sum
2915 3561 3197 3618 fructifera:
3247 3564 3659 3619 conversationis

2113 3663 2231 3718 apta
2257 3651 2489 3713 deserit.
2519 3653 2809 3722 sedulaque
2857 3665 3151 3722 praecavet,
3200 3669 3289 3719 ne,
3321 3665 3444 3722 post
3490 3654 3658 3725 agnita

2113 3741 2400 3809 Spiritualis
2427 3742 2547 3796 vita:
2578 3744 2824 3815 mysteria
2857 3745 3134 3799 litteralem
3185 3745 3317 3814 legis
3368 3745 3655 3799 observan-

2116 3833 2238 3886 tiam
2266 3834 2412 3902 quasi
2437 3834 2828 3898 tabernaculum
2859 3835 2993 3898 Silo,
3024 3843 3350 3903 prchostera
3405 3837 3657 3891 electione

2114 3925 2381 3992 requirat;
2413 3939 2551 3978 nunc
2578 3926 2629 3978 in
2682 3923 2766 3979 his
2799 3925 2884 3995 qui
2907 3927 3017 3992 jam
3066 3926 3133 3982 de
3159 3941 3386 3991 corpore
3423 3925 3613 3995 egressi
3642 3964 3657 3987 .

2113 4013 2297 4066 seculi
2344 4014 2593 4067 variantis
2649 4031 2865 4071 evasere
2895 4017 3134 4082 labores,
3169 4017 3426 4070 visionem
3450 4025 3657 4069 aeterna:

2123 4103 2265 4169 pacis
2295 4104 2550 4157 ascendit.
2579 4103 2686 4158 Nec
2715 4120 2808 4174 per
2835 4121 2931 4160 eos
2961 4116 3135 4160 tamen
3161 4106 3307 4172 ipsos
3335 4107 3388 4159 in
3409 4107 3527 4160 οωιί
3552 4108 3654 4175 jam

2117 4191 2246 4247 sede
2278 4203 2559 4262 regnantes
2588 4236 2602 4259 ,
2633 4211 2724 4262 pro
2749 4197 3201 4266 peregrinantibus
3254 4199 3307 4252 in
3359 4208 3494 4253 terra
3553 4200 3660 4252 suis

2114 4301 2266 4357 atque
2297 4288 2547 4342 membris
2572 4332 2586 4354 ,
2614 4299 2666 4342 et
2696 4288 2867 4345 adhuc
2894 4292 3315 4362 contra’bostem
3364 4291 3657 4344 dimicanti-

2119 4381 2249 4447 bus,
2282 4381 2484 4436 orando
2519 4390 2723 4436 certare
2752 4382 2997 4448 desistit,
3049 4384 3219 4437 donec
3263 4382 3658 4438 resurrectionis

466 4482 708 4546 aggravet
737 4473 990 4536 animam,
1018 4480 1065 4524 et
1093 4471 1326 4540 deprimit
1355 4480 1551 4524 terrena
1578 4471 1870 4525 inhabitatio
1897 4489 2008 4525 sen-
2036 4478 2090 4538 1)
2120 4479 2432 4525 coruscante
2453 4471 2617 4543 gloria
2642 4514 2658 4538 ,
2686 4489 2804 4543 qua:
2857 4473 2976 4528 felix
3021 4473 3137 4540 ejus
3164 4481 3249 4526 est
3293 4473 3581 4537 dedicatio,
3609 4475 3659 4527 in

471 4560 580 4619 sum
611 4566 770 4619 multa
797 4564 1100 4635 cogitantem
1131 4563 1150 4632 (
1176 4561 1304 4632 Sap.
1336 4577 1390 4615 Ix
1419 4560 1458 4633 ).
1490 4561 1606 4616 Vita
1639 4571 1813 4617 autem
1845 4565 2013 4617 activa

478 4658 640 4712 multo
669 4651 954 4728 prolixiore
978 4668 1031 4711 et
1062 4665 1353 4726 temporum
1394 4657 1563 4723 spatio
1583 4695 1598 4720 ,
1629 4667 1680 4709 et
1722 4671 2013 4723 cooperan-

474 4750 598 4810 tium
622 4731 889 4803 consortio
908 4749 1124 4800 fratrum
1149 4745 1284 4800 valet
1308 4743 1567 4801 indefessa
1588 4746 2015 4808 celebrari,adeo

478 4827 531 4889 tit
563 4835 691 4904 legis
720 4825 770 4890 in
797 4851 862 4892 ea
887 4822 1180 4904 decalogus
1200 4877 1216 4902 ,
1248 4850 1340 4903 per
1369 4836 1644 4905 Evangelii
1674 4836 1896 4905 gratiam
1928 4849 2018 4904 ge-

479 4929 709 4982 minatus
726 4966 743 4990 ,
766 4927 853 4984 vel
877 4937 1024 4981 certo
1051 4943 1276 4995 corpore
1303 4939 1358 4983 et
1385 4936 1563 4984 mente
1589 4936 2016 4988 consummatus,

469 5019 619 5088 quasi
645 5015 925 5068 vicesimus
945 5016 1052 5083 jam
1077 5019 1338 5071 manentis
1358 5034 1532 5072 secum
1555 5033 1692 5072 arcae
1713 5033 1879 5071 annus
1903 5032 2020 5085 pro-

473 5106 768 5162 ficientibns
794 5094 1278 5158 bonorummeritis
1305 5107 1548 5173 probetur
1577 5108 1801 5175 impleri.

546 5196 610 5249 Et
631 5195 867 5261 requievit
885 5193 1044 5245 omnis
1067 5192 1242 5244 domus
1265 5193 1426 5245 Israel
1447 5205 1559 5263 post
1582 5195 1870 5248 Dominum.
1918 5193 2021 5246 Ex-

475 5296 693 5341 tremam
713 5300 982 5339 conversa:
1009 5284 1057 5336 in
1079 5282 1388 5337 tineJudtea:
1407 5283 1708 5340 felicitatem
1735 5287 1903 5354 typice
1929 5283 2020 5336 de-

474 5377 679 5444 signat,
706 5375 772 5428 ad
794 5389 950 5442 quam
976 5385 1080 5426 tnta
1100 5374 1366 5442 prasinissa
1403 5375 1554 5428 lectio
1574 5377 1870 5444 specialiter
1896 5415 1910 5436 ,
1947 5384 2021 5424 ta-

477 5466 628 5517 metsi
648 5465 714 5518 ad
739 5461 950 5518 omnem
979 5466 1255 5519 ecclesiam
1283 5474 1454 5533 potest
1476 5469 1787 5536 generaliter
1809 5463 2017 5520 referri.

479 5551 574 5606 Ubi
603 5553 763 5625 etiam
780 5552 928 5620 juxta
952 5555 1174 5608 litteram
1200 5556 1410 5623 quidam
1439 5566 1640 5627 putant,
1669 5559 1785 5624 quia
1809 5559 2022 5610 vicena-

479 5642 558 5694 rio
582 5656 838 5696 annorum
865 5658 1104 5706 numero,
1122 5659 1257 5712 quo.
1285 5661 1527 5703 manente
1551 5653 1602 5704 in
1653 5649 2017 5704 Cariatbiarim

477 5746 628 5795 arca,
655 5729 911 5813 requievit
940 5733 1110 5786 omnis
1125 5730 1310 5788 domus
1334 5734 1489 5793 Israel
1513 5750 1624 5810 post
1652 5740 1947 5801 Dominum,
1967 5745 2019 5791 et

2115 4558 2348 4614 caelestia
2379 4572 2555 4616 sancta
2600 4573 2906 4619 sanctorum
2938 4569 3206 4634 perpetuo
3240 4567 3426 4619 mortis
3477 4567 3656 4619 trium-

2120 4651 2326 4717 pbatrix
2356 4654 2635 4708 eveltatur.

2188 4737 2247 4790 Si
2271 4739 2320 4789 in
2343 4748 2447 4790 toto
2465 4741 2616 4794 corde
2634 4750 2793 4793 vestro
2816 4742 3122 4796 revertimini
3138 4743 3206 4798 ad
3231 4742 3505 4797 Dominum
3521 4782 3540 4806 ,
3561 4753 3659 4796 etc.

2121 4827 2214 4881 llic
2263 4826 2551 4896 ﬁguraliter
2602 4832 2939 4900 ostenditur,
2986 4835 3254 4900 quomodo
3307 4835 3559 4888 Dominus
3611 4832 3661 4885 iu

2117 4923 2295 4976 Judtea
2321 4919 2545 4984 docens,
2587 4933 2640 4976 et
2670 4924 2921 4987 miracula
2950 4922 3148 4976 faciens
3172 4962 3188 4984 ,
3221 4923 3429 4985 patiens
3478 4933 3529 4974 et
3576 4933 3659 4974 re-

2119 5029 2378 5082 surgens,
2450 5016 2745 5082 ascendens
2790 5014 2842 5067 in
2891 5013 3082 5067 caelum
3126 5021 3178 5064 et
3228 5009 3458 5077 Spiiitus
3499 5010 3661 5064 sancti

2119 5107 2339 5172 gratiam
2388 5107 2601 5161 mittens
2626 5148 2640 5172 ,
2677 5121 2779 5159 non
2829 5106 2996 5158 solum
3025 5104 3268 5166 Judzos,
3313 5099 3408 5155 sed
3441 5111 3494 5179 et
3530 5117 3658 5172 gell-

2123 5205 2202 5249 tes
2231 5196 2606 5250 misericordize
2630 5212 2737 5249 suat
2769 5193 2954 5248 fecerit
3001 5193 3304 5259 participes.
3329 5193 3540 5247 Samuel
3568 5195 3661 5247 ita-

2121 5301 2225 5354 que
2246 5326 2260 5348 ,
2292 5297 2538 5353 snscvpto
2569 5295 2682 5353 post
2713 5297 2934 5338 mortem
2959 5282 3069 5335 lleli
3092 5283 3391 5338 sacerdotio
3413 5326 3432 5349 ,
3468 5287 3663 5339 univer-

2122 5391 2232 5428 sam
2261 5377 2474 5429 domum
2507 5376 2664 5430 Israel
2694 5373 2976 5442 alloquitur
3020 5381 3077 5425 ut
3104 5374 3346 5430 auferant
3372 5378 3501 5431 deos
3529 5376 3654 5430 alie;

2123 5480 2214 5517 nos
2244 5466 2310 5517 de
2330 5468 2504 5518 medio
2532 5466 2634 5518 sui.

2195 5553 2257 5605 Et
2289 5563 2564 5622 pra’parate
2590 5555 2744 5607 corda
2771 5561 2931 5606 uestra
2962 5550 3176 5607 Domino
3194 5594 3211 5619 ,
3245 5564 3346 5607 etc.
3374 5553 3651 5616 Dominus.

2121 5642 2240 5696 novi
2266 5643 2540 5698 sacerdotii
2570 5652 2755 5696 auctor
2779 5681 2794 5704 ,
2825 5640 2960 5710 quod
2989 5653 3069 5694 est
3103 5641 3390 5695 secundum
3419 5641 3653 5694 ordinat

2124 5735 2541 5801 Melchisedech,
2600 5748 2854 5805 apparens
2904 5733 2954 5787 in
2989 5747 3174 5799 carne,
3225 5733 3523 5789 univcraut
3567 5727 3658 5790 do-

3854 353 3855 394 1

3854 421 3855 448 1

3854 471 3855 524 1

3854 851 3855 896 1

3854 903 3855 962 1
