3916 6260
197 406 295 468 5H

724 406 788 464 IN
827 405 1189 466 SAMUEI.EM
1230 404 1638 462 PROPIIETAM
1680 400 2097 463 ALLEGORICA
2142 381 2516 469 EXPOISI'I‘IO.
2550 412 2766 470 —-LIB.
2810 416 2830 471 ι

3268 417 3371 477 δη

199 534 342 573 mum
372 517 526 572 Israel
551 557 567 582 ,
590 519 639 571 id
665 527 766 582 est,
793 520 952 572 Deum
985 518 1162 573 videre
1189 517 1602 571 desiderantium
1631 516 1722 566 lic-
1764 515 1805 571 Α
1834 518 1992 582 quod,
2018 523 2330 585 praedicante
2357 526 2575 580 Domino
2607 528 2939 597 Evangelium
2991 532 3158 599 regni,
3191 531 3366 584 omnis

195 609 416 661 clesiam
439 647 453 667 .
508 607 664 662 docet
691 605 898 660 auferre
926 621 954 659 a
983 622 1040 661 se
1073 607 1384 660 traditiones
1435 605 1734 658 Pharisato-

200 711 318 750 rum
343 712 358 758 ;
382 705 433 748 et
461 710 562 750 non
593 697 760 748 solum
791 710 949 764 opera
976 735 990 755 ,
1023 695 1158 761 quod
1187 704 1240 748 et
1273 698 1355 748 lex
1389 694 1568 767 decuit
1595 733 1608 754 ,
1645 691 1737 743 sed

209 782 323 852 ipsa
348 785 509 838 etiam
541 784 696 838 corda
726 783 792 836 ad
821 783 1152 836 serviendum
1187 783 1410 835 Domino
1442 782 1540 836 soli
1597 795 1736 848 prae-

202 885 409 938 parare,
441 872 622 925 dicens
651 887 662 921 :
691 871 942 935 Audistis,
974 871 1093 945 quia
1122 872 1316 924 dictum
1351 880 1430 923 est
1458 871 1692 936 antiquis
1719 885 1729 918 :

198 959 312 1032 Ego
332 973 498 1016 autem
545 964 660 1016 dico
705 961 1086 1032 vobis(Matth.
1120 962 1198 1030 v.)
1238 963 1323 1015 Sic
1371 963 1509 1014 enim
1565 975 1660 1013 eos
1709 974 1736 1011 a

197 1060 400 1106 cunctis
431 1055 668 1107 hostibus
699 1053 751 1106 in
788 1053 886 1104 vita
913 1063 1127 1104 ventura
1155 1066 1308 1118 posse
1332 1051 1568 1103 liberari.

273 1143 591 1196 Abstulerunt
619 1160 740 1213 ergo
790 1145 884 1209 filii
910 1142 1072 1196 Israel
1123 1140 1321 1193 Baalim
1368 1149 1414 1190 et
1460 1137 1736 1201 Asturolh,

196 1244 301 1285 etc.
343 1231 483 1285 ldola
515 1233 626 1286 bare
681 1231 1019 1286 Sidoniorum
1069 1240 1225 1294 sunt;
1258 1244 1476 1296 quorum
1532 1229 1734 1280 ltaalitn

195 1324 495 1390 superiores
526 1362 541 1387 ,
590 1322 703 1375 sive
731 1321 1080 1375 ascendentes
1108 1364 1121 1384 ,
1163 1321 1412 1374 Astaroth
1472 1319 1727 1370 facturam

196 1413 593 1479 exploratorum
628 1411 949 1479 signiﬁcant.
983 1413 1287 1479 Quicunque
1338 1426 1462 1478 ergo
1506 1412 1734 1463 ﬁliorum

198 1499 364 1555 Israel
411 1501 475 1555 ad
534 1502 960 1568 pradieationem
1010 1502 1300 1554 Salvatoris
1349 1515 1473 1553 vero
1503 1500 1607 1552 Deo
1635 1500 1736 1552 I’a-

196 1589 262 1640 tri
284 1590 585 1643 servierunt
612 1630 628 1655 ,
677 1605 861 1642 omnes
902 1590 1146 1656 profanas
1173 1589 1517 1657 cogitationes
1537 1631 1552 1652 ,
1581 1605 1734 1656 quas,

196 1676 260 1730 de
284 1677 476 1732 inﬁmis
504 1678 556 1732 in
604 1693 699 1732 cor
721 1679 1110 1743 ascendentes,
1155 1689 1208 1732 et
1262 1693 1363 1731 non
1410 1678 1644 1746 desuper
1706 1693 1734 1730 a

197 1766 350 1822 Patre
379 1767 636 1821 luminum
664 1809 679 1832 ,
710 1768 848 1822 inter
876 1768 994 1820 data
1023 1768 1222 1835 optima
1254 1779 1305 1820 et
1333 1767 1467 1820 dona
1500 1767 1731 1832 perfecta

1839 619 1956 657 eum
1983 608 2204 674 populus
2234 612 2455 667 libenter
2502 616 2732 669 audisset
2759 633 2772 679 ;
2805 627 2857 670 et
2907 619 3254 671 ascenderunt
3286 621 3372 669 ini-

1841 695 2017 747 mundi
2049 699 2291 763 spiritus,
2320 703 2584 772 principes
2616 705 2856 759 videlicet
2884 708 3160 773 impiorum
3186 707 3206 777 [
3239 708 3378 758 aude

1839 786 1976 836 etab
2008 788 2257 852 Apostolo
2286 789 2496 860 (Ep/tes.
2533 797 2610 862 vi)
2636 804 2865 850 rectores
2915 800 3243 852 tenebrarum
3277 815 3380 853 vot-

1839 873 2063 943 cantur]
2103 887 2284 930 contra
2331 880 2578 935 Ecclesia:
2600 894 2816 949 statum,
2853 887 2955 939 imo
2981 899 3158 940 contra
3191 905 3379 943 unum-

1839 977 2095 1029 quemque
2127 967 2354 1021 ﬁdelium
2413 974 2651 1026 nefandis
2677 976 2879 1030 insidiis
2906 980 3274 1045 appetendum.
3302 981 3375 1033 De

1838 1067 1936 1119 qua
1965 1053 2165 1108 illorum
2200 1061 2419 1123 pessima
2446 1067 2747 1117 ascensione
2769 1081 3149 1132 st.pra,nnmen
3176 1071 3367 1126 Baulim

1838 1154 2178 1210 exponentes,
2220 1153 2573 1206 tractavimus.

1908 1234 2054 1298 Quod
2079 1254 2191 1290 cum
2213 1241 2466 1294 audissent
2485 1245 2579 1310 ﬁlii
2602 1243 2783 1311 Israel,
2829 1247 3119 1311 timuerunt,
3149 1259 3254 1303 etc.
3283 1249 3374 1302 Ti-

1839 1339 2040 1379 mentes
2067 1327 2305 1397 discipuli
2335 1331 2529 1386 Christi
2569 1352 2595 1386 a
2625 1335 2757 1390 facie
2808 1340 3230 1404 persequentium
3285 1338 3376 1391 Ju-

1836 1417 2090 1487 daaorum,
2117 1423 2710 1492 vigilarerunt,jnbeute
2743 1429 2852 1493 illo,
2897 1438 2950 1482 et
3001 1440 3284 1482 oraverunt
3309 1445 3374 1483 ne

1838 1506 2095 1561 intrarent
2119 1509 2170 1562 in
2202 1514 2545 1566 tentationem
2573 1531 2586 1577 ;
2621 1516 2973 1584 dixeruntque
3004 1518 3172 1568 subito
3206 1529 3373 1570 tenta-

1839 1596 2037 1649 tionutn
2083 1600 2300 1671 turbine
2349 1602 2571 1667 perculsi
2601 1620 2615 1656 :
2649 1602 2886 1667 Domine,
2920 1607 3060 1658 salva
3093 1622 3206 1668 nos,
3240 1608 3377 1674 peri-

1840 1700 1971 1737 ntus.
2005 1686 2100 1749 Qui
2124 1688 2277 1740 etiam
2308 1701 2424 1756 post
2451 1690 2564 1757 ejus
2580 1694 2943 1747 ascensionem
2975 1695 3296 1762 frequentius
3327 1697 3376 1749 in

1842 1779 2095 1842 pressuris
2111 1795 2292 1833 orasse
2322 1791 2675 1835 memorantur
2704 1783 2917 1849 (Matth.
2951 1786 3085 1852 vtu).
3115 1787 3263 1850 Quod
3303 1788 3381 1855 ip-

195 1858 595 1926 descendentes,
620 1859 922 1927 superiores
938 1859 1087 1912 bonis
1113 1873 1229 1912 esse
1250 1859 1550 1927 cupiebant,
1570 1859 1734 1925 ejece-

1851 1881 1951 1941 sunt
1981 1871 2128 1922 nobis
2157 1885 2363 1939 quoque
2390 1874 2620 1936 tentatis,
2663 1882 2716 1926 ut
2744 1887 2772 1926 a
2805 1874 2989 1926 timore
3013 1876 3206 1928 inimici
3236 1893 3385 1929 erua-

196 1960 319 2005 runt
344 1969 359 2018 ;
387 1966 599 2006 omnem
636 1952 702 2006 de
740 1966 834 2004 suo
884 1960 1094 2018 pectore
1122 1951 1401 2017 spirituum
1436 1948 1736 2003 immundoo

195 2058 313 2096 rum
351 2042 646 2095 machinam
671 2082 686 2107 ,
719 2044 806 2111 qui
845 2044 1230 2097 circumeuntes
1285 2041 1460 2093 caulas
1505 2037 1733 2093 ﬁdelium

196 2142 438 2203 quaerunt
465 2148 619 2196 quem
643 2133 894 2187 devorent
920 2173 933 2194 ,
966 2132 1312 2186 abstulerunt.

267 2221 404 2275 Dixit
425 2232 588 2276 autem
620 2221 872 2276 Samuel:
905 2221 1208 2291 Congregate
1257 2223 1531 2276 universum
1578 2221 1740 2274 Israel

195 2310 245 2364 in
276 2309 531 2376 Masphat,
555 2322 661 2366 etc.
690 2312 826 2365 Dixit
863 2310 1112 2381 aposwlis
1161 2311 1420 2374 Salvator,
1444 2322 1500 2364 ut
1556 2310 1740 2376 praedi-

194 2399 364 2452 cantlo
390 2399 610 2453 verbum
640 2400 928 2468 Evangelii,
961 2403 1270 2454 universum
1301 2400 1458 2455 Israel
1487 2402 1737 2470 spiritua-

195 2490 301 2543 lem
333 2492 384 2543 in
417 2489 672 2559 Masphat,
697 2492 746 2545 id
772 2501 876 2557 est,
904 2493 1192 2560 Speculam,
1214 2508 1362 2547 nova:
1389 2494 1634 2548 videlicet
1655 2509 1739 2547 ve-

196 2578 367 2633 ritatis
391 2592 444 2634 et
479 2582 1038 2651 vitae,congregarent.
1090 2586 1132 2637 Δ
1190 2599 1290 2652 qua
1335 2586 1742 2651 congregatimte

195 2670 572 2732 universitatis,
614 2670 846 2724 Ecclesia
893 2671 1147 2725 catholica
1171 2672 1351 2726 Graece
1380 2687 1569 2726 nomen
1594 2688 1743 2726 acce-

196 2763 291 2828 pit.
325 2760 376 2813 In
406 2760 552 2828 cujus
580 2764 776 2816 unitate
809 2762 1004 2830 positos
1058 2777 1292 2830 quosque
1320 2763 1431 2829 ipse
1461 2762 1597 2816 Patri
1631 2765 1745 2818 Sal-

196 2862 345 2904 vator
369 2855 568 2904 orando
609 2852 959 2912 commendat,
1008 2853 1095 2922 qui
1125 2864 1244 2907 ante
1270 2856 1563 2921 passionem
1595 2871 1740 2908 suam

197 2958 293 3011 per
317 2944 581 3012 apostolos
607 2959 763 2998 orans
791 2945 864 2998 ait
899 2963 909 2996 :
946 2944 1059 2998 Non
1091 2961 1180 3010 pro
1203 2945 1280 2997 his
1303 2955 1466 2997 autem
1499 2955 1745 3014 rogotan-

196 3042 327 3096 tum,
384 3034 472 3086 sed
519 3043 565 3086 et
609 3050 699 3102 pro
755 3035 823 3087 eis
851 3036 933 3103 qui
961 3051 1049 3103 per
1069 3031 1268 3087 verbum
1313 3052 1479 3088 eorum
1508 3037 1747 3090 credituri

195 3136 312 3179 sunt
338 3126 389 3179 in
418 3142 516 3189 me,
546 3137 601 3180 ut
631 3144 798 3180 omnes
830 3144 984 3180 unum
1009 3128 1109 3179 sint
1133 3125 1323 3196 (Joau.
1358 3144 1459 3181 xvn
1482 3129 1520 3196 ).
1548 3129 1608 3182 Et
1634 3144 1742 3182 mo-

196 3214 269 3267 do
294 3217 431 3281 quod
465 3216 604 3270 idem
658 3218 834 3283 faciat,
864 3217 1145 3282 Apostolus
1167 3218 1341 3280 docet,
1383 3218 1562 3271 dicens
1591 3234 1604 3269 :
1643 3219 1741 3282 Qui

193 3312 272 3358 est
310 3305 363 3357 in
405 3307 609 3358 dextera
662 3306 776 3370 Dei,
824 3307 910 3374 qui
953 3307 1104 3358 etiam
1152 3306 1438 3373 interpellat
1478 3323 1567 3371 pro
1605 3306 1743 3359 nobis

190 3391 388 3462 (Rom.
419 3409 506 3448 vin
526 3395 565 3462 ).
603 3407 607 3410 '

272 3486 337 3540 Et
357 3497 694 3541 converterunt
738 3488 789 3541 in
818 3485 1076 3556 Masphat,
1123 3488 1486 3556 hauseruntque
1540 3502 1742 3554 aquam,

192 3586 306 3633 etc.
338 3577 486 3643 Quod
515 3578 821 3632 haurientes
851 3593 1036 3646 aquam
1091 3579 1228 3630 inter
1259 3593 1439 3645 preces
1469 3587 1521 3631 et
1546 3578 1745 3645 jejunia

194 3665 496 3720 libaverant
552 3666 791 3732 Domino,
825 3667 1071 3720 indicium
1103 3667 1254 3718 simul
1284 3675 1336 3719 et
1361 3666 1624 3719 exsecutio
1651 3666 1748 3732 pia:

194 3756 496 3812 devotionis
522 3765 624 3809 est.
653 3755 1023 3809 Convenerunt
1076 3765 1270 3818 autem,
1304 3756 1624 3824 praedicante
1655 3755 1750 3809 Do-

195 3850 368 3916 mino,
393 3849 456 3904 ad
482 3848 800 3902 audiendum
844 3848 1060 3902 verbum
1118 3848 1317 3915 p0puli,
1359 3849 1750 3916 hauseruntque

194 3940 501 4008 compuncti
523 3939 588 3994 de
609 3939 713 3993 imo
743 3949 953 4008 pectore
970 3937 1164 3992 fontem
1198 3939 1570 4008 lacrymarnm,
1593 3954 1746 4008 quem

197 4030 534 4084 effunderent
554 4029 705 4098 quasi
731 4025 1211 4098 gratissimumDeo
1241 4030 1490 4092 libamen,
1523 4045 1615 4097 per
1627 4046 1753 4093 ocu-

200 4123 378 4174 lorum
412 4120 622 4174 vascula
655 4119 1007 4187 proferendo;
1049 4120 1518 4187 abetinueruntque
1557 4135 1584 4170 a
1627 4135 1752 4171 cun-

205 4211 315 4264 ctis
345 4210 528 4262 niundi
559 4210 824 4264 illecebris
849 4212 898 4264 in
930 4211 1013 4264 illa
1042 4211 1466 4280 gratitccoslestis
1491 4212 1752 4264 illumina-

200 4301 370 4362 tione,
394 4299 704 4352 conﬁtentes
727 4308 936 4366 peccata
988 4305 1274 4367 praeterita,
1306 4313 1358 4354 et
1379 4301 1571 4354 Christi
1596 4298 1753 4351 mise-

200 4389 486 4445 ricordiam
515 4388 829 4457 ﬂagitantes.

1839 1967 1920 2010 tur
1974 1961 2145 2014 anima
2209 1971 2409 2032 nostra,
2457 1964 2859 2018 saluberrimum
2910 1965 3206 2032 pra-sidium
3239 1980 3377 2032 pra:-

1836 2057 1960 2102 stat.

1910 2136 2042 2190 Tulit
2063 2148 2230 2192 autem
2275 2140 2485 2194 Samuel
2530 2158 2717 2211 agnum
2767 2143 3033 2194 laetantem
3063 2157 3237 2205 unum,
3269 2152 3372 2213 etc.

1838 2229 1978 2282 Tulit
2019 2231 2273 2293 Dominus
2302 2231 2654 2296 innocentem,
2688 2245 2843 2299 quem
2870 2245 2963 2298 pro
2989 2230 3154 2283 salute
3199 2231 3379 2283 mundi

1840 2321 2044 2372 unicum
2083 2321 2320 2373 induerat
2350 2320 2639 2384 hominem,
2687 2331 2739 2375 et
2768 2321 2950 2374 obtulit
2980 2321 3120 2373 illum
3154 2322 3203 2372 in
3233 2321 3383 2372 altari

1838 2411 2008 2461 crucis
2030 2409 2387 2462 holocaustum
2417 2408 2670 2476 integrum
2703 2409 2862 2463 Patri.
2897 2409 2962 2463 Et
2990 2411 3118 2462 bene
3135 2409 3379 2462 holocau-

1840 2508 1998 2561 stum,
2026 2499 2195 2561 idest,
2229 2507 2391 2551 totum
2447 2499 2738 2561 incensum,
2768 2499 2899 2552 bene
2929 2499 3188 2567 integrum
3236 2498 3386 2551 obtu-

1846 2587 1969 2641 Iisse
1996 2587 2321 2652 perhibetur,
2351 2587 2439 2656 qui
2468 2588 2584 2642 sine
2608 2588 2873 2656 iniquitate
2890 2600 3190 2655 conceptus,
3209 2596 3380 2645 natus.

1841 2686 1895 2729 et
1925 2678 1975 2727 in
2007 2692 2164 2730 carne
2192 2687 2446 2740 moratus,
2484 2686 2647 2730 totum
2695 2674 2946 2745 quidquid
2980 2691 3070 2743 per
3120 2677 3379 2728 hominem

1841 2765 2020 2830 gessit,
2052 2766 2168 2832 igne
2197 2764 2302 2816 Deo
2333 2766 2560 2831 Spiritus
2587 2769 2750 2820 sancti
2799 2766 3014 2832 dignum
3045 2765 3289 2817 reddidit.
3318 2765 3380 2818 Et

1842 2854 2011 2906 Oravit
2041 2854 2288 2908 Dominus
2313 2854 2518 2907 Patrem
2551 2870 2644 2921 pro
2675 2856 2911 2908 ﬁdelibus
2935 2859 3064 2921 suis,
3092 2870 3146 2910 ut
3169 2875 3270 2912 non
3289 2861 3382 2924 de-

1846 2943 2022 2996 ﬁceret
2050 2943 2178 2996 ﬁdes
2206 2958 2384 2996 eorum
2410 2943 2558 3014 (Luc.
2592 2944 2743 3013 xxu).
2775 2944 2954 2998 Oravit
2997 2956 3048 2998 et
3079 2963 3170 3012 pro
3202 2964 3382 3013 perse-

1843 3032 2119 3100 quentibus
2143 3046 2219 3096 se,
2239 3034 2660 3101 utignosccretnr
2688 3037 2766 3087 eis
2784 3044 2937 3086 tanta:
2970 3050 3104 3087 noxa
3127 3037 3376 3103 perlidiw,

1847 3135 1999 3184 quam
2031 3121 2321 3174 nescientes
2352 3121 2680 3176 incurrerunt
2718 3124 2735 3194 (
2771 3123 2894 3176 Luc.
2920 3125 3094 3192 uiti).
3132 3127 3192 3179 Et
3216 3140 3379 3179 exau-

1847 3213 1972 3265 divit
2004 3228 2122 3265 eum
2155 3213 2329 3278 Pater,
2361 3216 2457 3266 hos
2478 3215 2528 3267 in
2558 3215 2680 3279 ﬁde,
2722 3232 2877 3285 quam
2912 3231 3043 3284 pene
3074 3215 3376 3279 amiserant,

1842 3303 2221 3367 confortando;
2249 3304 2363 3357 illos
2383 3303 2446 3356 ad
2470 3305 2819 3372 lidem,quatn
2845 3307 3047 3371 penitus
3062 3305 3377 3368 nescieram,

1848 3391 2104 3445 vocando.

1917 3481 2126 3533 Factum
2152 3490 2223 3533 est
2251 3496 2385 3550 ergo,
2420 3496 2530 3532 cum
2557 3480 2764 3533 Samuel
2784 3480 2982 3544 oﬂ'erret
3012 3480 3378 3544 holocaustum,

1846 3580 1947 3625 etc.
1979 3571 2189 3623 Factum
2213 3582 2290 3622 est
2320 3585 2436 3623 cum
2489 3571 2734 3624 Dominus
2783 3571 3122 3639 semetipsum
3170 3571 3386 3624 oﬁerret

1848 3657 2067 3712 hostium
2103 3659 2207 3711 Deo
2239 3661 2288 3712 in
2319 3661 2533 3712 odorem
2574 3660 2863 3725 suavitatis,
2893 3671 3250 3726 persecutores
3273 3661 3384 3727 ejus

1847 3758 1899 3802 et
1919 3749 1968 3802 in
1997 3764 2153 3803 cruce
2182 3751 2403 3818 positum
2433 3766 2550 3803 eum
2584 3751 2969 3818 blaSphemare,
3016 3752 3094 3803 vel
3118 3753 3379 3810 deridere.

1848 3850 1899 3893 et
1927 3839 2130 3908 sepulto
2150 3839 2319 3892 eidem
2351 3839 2484 3893 viam
2513 3842 2912 3894 resurrectionis
2969 3842 3237 3893 obstruere
3271 3855 3381 3892 mo-

1852 3928 1954 3990 liri,
1979 3940 2053 3992 ut,
2087 3929 2201 3996 ipso
2232 3929 2378 3996 quisi
2408 3939 2602 3982 :clerna
2658 3939 2824 3983 morte
2875 3929 3140 3991 damnato,
3180 3943 3387 3980 onmem

1851 4019 2088 4072 ﬁdelibus
2115 4019 2226 4084 ejus
2257 4033 2402 4084 spem
2434 4020 2617 4068 salutis
2662 4020 2945 4082 eriperent.
2986 4016 3194 4076 Verum,
3251 4026 3384 4067 tetra

1852 4117 2018 4170 tnota,
2043 4107 2175 4158 ﬁssis
2192 4106 2451 4167 cantibus,
2483 4107 2834 4157 monumentis
2854 4105 3066 4170 apertis,
3101 4119 3378 4170 exsurgen-

1850 4197 1987 4248 tibus
2014 4195 2255 4260 mortuis,
2285 4195 2594 4264 cieterisque
2617 4194 2918 4249 coelestibus
2948 4196 3008 4250 ad
3041 4194 3155 4261 ejus
3179 4209 3388 4247 crucem

1851 4287 1929 4338 vel
1988 4287 2306 4356 sepulturun
2351 4288 2766 4341 clarescentibus
2815 4285 2978 4354 signis
3007 4286 3243 4339 exterriti
3269 4297 3395 4340 sunt

1853 4379 2048 4442 hostes,
2079 4381 2202 4433 etin
2226 4380 2428 4434 diversa
2458 4378 2640 4449 fugati.
2702 4379 2932 4447 Denique
2978 4377 3040 4431 ad
3089 4392 3396 4429 monumen-

272 4474 628 4545 Judicavitque
651 4478 858 4533 Samuel
886 4478 1016 4546 [ilics
1045 4477 1205 4530 Israel
1254 4478 1306 4530 in
1342 4477 1594 4546 Masphat.
1628 4477 1751 4530 Caeli
1785 4501 1834 4560 ο
1858 4479 1967 4524 tum
2023 4473 2279 4537 perterriti
2329 4484 2449 4524 sunt
2507 4471 2769 4534 custodes,
2816 4480 2868 4523 et
2895 4469 3060 4522 sancti
3111 4467 3398 4519 suntvelut

110 4591 115 4601 ·
200 4588 309 4624 non
330 4581 445 4624 sunt
466 4574 641 4625 arandi
662 4574 717 4627 in
742 4583 1004 4643 conspectu
1026 4575 1132 4644 ejus
1157 4571 1291 4644 (Job.
1321 4575 1430 4642 xv),
1464 4583 1517 4626 et
1540 4575 1590 4627 in
1635 4576 1749 4628 ele-

201 4664 313 4719 etis
334 4662 443 4716 suis
465 4664 659 4731 reperit
682 4666 1014 4732 pravitatem.
1059 4665 1123 4718 Et
1152 4664 1225 4717 illi
1252 4679 1376 4732 ergo
1406 4663 1492 4734 qui
1548 4672 1754 4720 terrena

205 4754 650 4812 transcendentes
673 4755 868 4817 omnia,
901 4757 1181 4823 inspeeula
1196 4772 1566 4827 supernorum,
1600 4775 1754 4828 quam

204 4847 472 4915 signiﬁcat
500 4845 756 4911 Masiihat,
783 4846 848 4899 ad
877 4846 1145 4899 Christum
1173 4861 1549 4910 convenerunt,
1584 4852 1668 4920 qui
1702 4853 1761 4903 ti-

207 4941 404 4995 liomrn
436 4939 619 5004 Israel,
644 4939 692 4992 id
741 4947 843 5003 est,
877 4937 974 4991 viri
1005 4937 1241 4992 videntes
1291 4939 1474 5005 Deum,
1508 4942 1763 4995 vocabulo

169 5075 186 5086 .
210 5030 581 5099 praemiuent,
613 5029 801 5083 habent
823 5027 993 5082 adhuc
1019 5027 1185 5093 plura,
1213 5026 1506 5094 nndeqnasi
1524 5028 1761 5081 homines

209 5135 242 5172 ι
275 5117 513 5172 districto
535 5118 710 5187 judice
737 5117 1078 5188 castigentur.
1137 5114 1285 5169 Unde
1310 5123 1391 5168 est
1422 5116 1543 5168 illud
1576 5117 1720 5170 Isaiae
1749 5136 1758 5169 :

216 5209 288 5266 Et
326 5209 577 5280 judicabit
623 5211 676 5262 in
699 5211 894 5276 iustitia
916 5225 1155 5280 pauperes
1198 5207 1327 5276 (lsa.
1362 5207 1454 5274 XI).
1490 5208 1632 5260 lland
1664 5210 1763 5261 du-

216 5304 365 5358 bium
392 5301 513 5367 quin
558 5301 697 5368 ipsos
752 5303 940 5369 quibus
984 5298 1208 5367 loquitur
1259 5315 1269 5348 :
1323 5296 1460 5348 Beati
1504 5315 1764 5366 pauperes,

214 5393 342 5456 quia
389 5400 604 5442 uestrum
659 5399 730 5442 est
776 5406 984 5460 regnum
1026 5389 1118 5442 Dei
1153 5386 1363 5455 (Matth.
1390 5387 1454 5454 ν)
1489 5403 1504 5450 ;
1553 5389 1763 5441 eosdem

137 5542 142 5544 _
219 5495 451 5548 namque
471 5477 714 5547 judicans
740 5480 863 5532 dicit
897 5498 911 5534 :
947 5483 1118 5533 Adhuc
1165 5488 1210 5530 et
1260 5493 1340 5528 vos
1386 5477 1488 5527 sine
1522 5478 1769 5530 intellectu

219 5569 377 5637 estis(
403 5567 585 5621 Matth.
617 5567 729 5634 xv).

302 5657 364 5711 Et
383 5661 650 5713 audierunt
685 5656 1010 5722 Plilisthiim,
1034 5661 1166 5726 quod
1207 5662 1491 5730 congregati
1511 5672 1670 5714 essent
1709 5663 1770 5728 ﬁ-

223 5750 284 5807 lii
317 5747 479 5803 Israel
505 5753 556 5805 in
588 5751 844 5820 Masplmt,
875 5760 974 5804 etc.
1009 5753 1293 5808 Audicrunt
1322 5755 1497 5810 hostes
1530 5756 1764 5812 veritatis

1860 4562 2069 4614 mortui.
2105 4562 2169 4612 Et
2194 4562 2364 4615 onmis
2394 4564 2542 4615 turba
2567 4577 2746 4613 eorum
2779 4563 2866 4627 qui
2902 4560 3055 4611 simul
3088 4558 3302 4609 aderant
3330 4557 3394 4607 ad

1858 4652 2209 4718 spectaculum
2240 4652 2431 4715 crucis,
2454 4661 2508 4704 et
2549 4650 2795 4704 videbant
2821 4663 2936 4714 qua:
2968 4646 3181 4708 ﬁebant,
3214 4660 3402 4712 percn-

1861 4745 2046 4794 tientes
2077 4747 2290 4806 pet-tom
2320 4722 2434 4803 Sua,
2469 4741 2878 4792 revertebantur.
2931 4734 3142 4788 Necnon
3163 4742 3217 4786 et
3243 4735 3291 4786 in
3311 4736 3400 4786 die

1865 4834 2217 4891 Pentecostes.
2239 4835 2510 4886 intonante
2540 4833 2767 4896 desuper
2800 4829 3050 4890 Domino,
3087 4838 3140 4881 et
3168 4843 3258 4895 per
3289 4844 3407 4895 apo-

1862 4922 2026 4973 stolos
2049 4934 2275 4986 quoque,
2294 4935 2415 4973 suas
2435 4920 2674 4973 videlicet
2695 4920 2878 4983 nubes,
2897 4918 3128 4972 caelestia
3157 4919 3290 4970 dicta
3317 4932 3404 4970 re-

1865 5022 2103 5075 sonante,
2126 5013 2385 5065 detnrbati
2430 5013 2548 5065 ﬁdei
2582 5013 2780 5074 hoste:,
2811 5020 2864 5064 et
2885 5011 3007 5063 εωδὶ
3034 5010 3190 5063 dictis
3216 5023 3400 5063 eorum

1869 5104 2266 5172 impaenitendo,
2300 5105 2539 5168 negando
2564 5113 2682 5154 sunt
2714 5104 2796 5154 alii
2819 5102 3055 5155 contriti.

1941 5217 2233 5280 Egressique
2279 5218 2373 5267 riri
2428 5216 2585 5268 Israel
2613 5219 2674 5268 de
2718 5215 2971 5282 Masphat,
3005 5211 3246 5281 persecuti
3293 5217 3412 5261 sunt

1875 5307 2211 5368 I’ltilisthazos,
2240 5318 2343 5360 etc.
2380 5309 2586 5375 Egressi
2615 5309 2831 5373 ειιιομι-ιιί
2853 5307 2917 5358 de
2942 5306 3197 5372 blasphat,
3233 5301 3282 5355 id
3306 5310 3406 5363 est,

1869 5395 2080 5462 specula
2132 5398 2322 5461 quieta!
2374 5413 2483 5451 sua:
2538 5397 2974 5458 conversationis,
3004 5392 3257 5460 persecuti
3285 5399 3407 5443 sunt

1873 5487 2058 5552 impios
2085 5489 2384 5553 arguendo;
2413 5497 2466 5541 et
2495 5497 2862 5554 percusserunt
2890 5503 2980 5540 eos
3007 5502 3036 5540 a
3069 5487 3258 5554 prisca.
3315 5485 3409 5536 hoc

1873 5582 1952 5628 est
1981 5577 2260 5642 impietatis
2289 5578 2411 5641 vita,
2444 5577 2686 5644 paulatim
2708 5577 2880 5645 gladio
2911 5578 3050 5631 verbi
3075 5576 3414 5640 removendo,

1874 5668 2040 5719 donec
2068 5667 2130 5718 ad
2159 5669 2460 5724 societatem
2495 5670 2758 5732 Ecclesiaz,
2788 5686 2902 5738 qu.c
2943 5684 3099 5736 super
3145 5650 3412 5721 Christnui

1880 5757 2085 5812 fundata
2116 5768 2214 5824 ρει,
2240 5759 2608 5829 perducerem.
2647 5760 2866 5814 Bcthcur
2899 5774 3140 5826 namque,
3195 5772 3307 5822 qua:
3341 5754 3413 5806 in-
