3916 6260
525 420 629 477 565

993 412 1226 502 suos:
1265 383 1716 467 venensnnas
1748 407 2024 466 orunun
2068 375 2333 460 rsns'n.
2360 433 2430 444 —
2459 401 2840 459 EXEGE‘I‘ICA
2883 400 3202 458 cunmm.

3596 395 3605 408 ⁸
3650 396 3759 451 5H

523 537 845 601 terpretatur
868 529 1057 585 domus
1083 529 1237 606 agni,
1267 528 1378 582 sive
1406 508 1619 582 domus,
1646 528 1949 597 agnitionis,
1998 529 2064 580 il-
2095 526 2144 580 Δ
2169 528 2273 586 etc.
2308 520 2461 574 Facta
2489 529 2570 574 est
2595 519 2761 588 gratia
2783 519 2979 573 Christi
3023 517 3090 571 ad
3145 515 3505 606 conterendos
3562 517 3758 606 hostes

530 621 638 674 lum
667 620 910 675 nimirum
934 620 1218 688 signiﬁcat,
1249 620 1360 687 qui,
1392 621 1701 673 innocenter
1746 630 1985 674 mortuus
2013 635 2080 674 ex

493 730 501 739 -
529 710 875 772 humanitate,
901 717 1118 776 paterna
1147 717 1388 775 potenter
1412 722 1605 761 arcana
1635 708 1832 763 revelat
1854 722 1918 762 es
1943 708 2080 762 divi-

525 801 706 853 nitate.
739 799 909 866 Super
934 813 1088 865 quam
1117 799 1217 853 sibi
1239 798 1453 852 domum
1482 799 1672 853 divina:
1689 801 1973 866 agnitionis
2001 801 2080 854 lo-

523 903 646 942 cum
668 887 870 942 dilecta
899 889 1186 963 mansionis
1217 889 1438 951 invenit,
1467 891 1556 956 qui
1582 890 1659 941 ait
1695 908 1706 941 :
1741 888 1978 950 Domine.
2008 891 2078 944 ad

524 991 670 1045 quam
693 977 911 1031 ilttnttts.’
936 979 1083 1030 uerba
1121 978 1236 1030 vita
1275 987 1475 1031 (eterna:
1517 979 1668 1032 habes
1721 981 1739 1047 (
1767 979 1922 1033 Joan.
1958 996 2006 1034 vt
2037 981 2079 1050 ).

525 1065 692 1133 Quam
738 1068 935 1122 intrare
987 1067 1342 1131 desiderabat,
1389 1069 1476 1134 qui
1520 1069 1788 1123 humiliter
1819 1072 2076 1135 pulsando

527 1157 744 1223 rogabat
776 1172 789 1208 :
826 1157 1059 1220 Dotttt'tte,
1091 1159 1298 1212 ostende
1317 1160 1459 1211 nobis
1485 1156 1712 1219 Patrem.
1732 1161 1966 1229 risu/[icit
1992 1179 2081 1216 no.

529 1244 604 1299 bis
627 1245 646 1315 (
671 1243 826 1300 Joatt.
851 1247 988 1315 xlv).
1017 1247 1316 1303 Didicerant
1366 1249 1505 1300 enim
1553 1248 1617 1301 ab
1649 1250 1761 1316 ipso
1788 1251 1907 1317 quia
1938 1267 2080 1303 nemo

528 1334 660 1387 novit
691 1336 901 1402 Filium,
925 1338 1025 1408 nisi
1056 1336 1207 1390 Pater
1226 1354 1245 1391 :
1273 1355 1430 1408 neque
1460 1337 1662 1391 Patri-ni
1681 1343 1792 1404 quis
1813 1343 1968 1404 novit,
1986 1344 2081 1395 nisi

526 1421 715 1484 Filius.
745 1437 794 1480 et
813 1430 896 1480 cui
921 1427 1132 1480 voluer't
1159 1425 1328 1480 Filius
1341 1429 1571 1481 reuelare
1592 1428 1748 1495 (an.
1774 1428 1852 1494 ι).
1872 1430 1936 1482 Et
1963 1429 2082 1483 ideo

526 1523 670 1568 recte
697 1514 886 1570 domus
909 1517 1190 1584 agnitionis
1243 1517 1557 1587 appellatur,
1589 1533 1685 1588 per
1706 1507 1859 1587 quem
1909 1521 2080 1575 solum

527 1612 582 1657 et
602 1601 716 1670 ipse
753 1605 1016 1661 revelatur
1039 1616 1092 1661 et
1123 1607 1299 1662 Pater.

523 1739 543 1763 ,
599 1691 735 1748 Tulit
759 1704 928 1750 autem
950 1695 1162 1751 Sdtttttel
1200 1696 1421 1764 lapidem
1449 1714 1629 1762 unum,
1655 1707 1758 1753 etc.
1809 1699 1870 1754 Et
1921 1714 2079 1766 supra

527 1784 739 1852 quidem
768 1786 998 1854 lapidem
1019 1786 1291 1854 adjutorii,
1324 1787 1414 1854 qui
1445 1787 1703 1843 ilebraice
1726 1789 1918 1843 dicitur
1940 1791 2078 1844 Abe-

2185 609 2431 666 Ecclesize
2461 609 2735 674 primitivze
2753 606 2958 661 cunctis
2987 607 3174 674 quibus
3199 609 3283 659 lux
3328 605 3606 674 Evangelii
3664 603 3750 657 'vi-

2179 699 2292 767 guit
2313 698 2362 751 in
2382 698 2582 762 Judtea,
2609 711 2706 751 nec
2727 696 2900 750 adhuc
2919 697 3019 748 dist
3034 696 3267 750 redeudo
3296 705 3349 748 et
3363 695 3750 763 persequendo

2182 792 2384 858 repulsa
2407 803 2510 846 est.
2540 793 2606 847 Et
2626 793 2843 846 redditae
2872 800 2996 846 sunt
3023 793 3214 846 animm
3245 806 3377 860 quas
3410 791 3748 858 deceperant

2179 882 2433 935 ltnmundi
2477 884 2556 935 vel
2605 883 2849 938 doctores
2894 883 2974 936 vel
3022 881 3261 948 spiritus,
3313 880 3657 947 reducta:un
3678 881 3747 932 ad

2184 969 2434 1025 Eccle-ia:
2470 973 2795 1037 societatem,
2820 973 2888 1026 ab
2915 973 2995 1024 his
3023 984 3140 1039 quae
3187 986 3216 1023 a
3276 971 3430 1026 bonis
3481 968 3746 1036 operisz

2182 1058 2390 1111 steriles
2419 1074 2774 1126 permansere,
2797 1073 2960 1125 usque
2985 1058 3050 1111 ad
3077 1073 3166 1112 cas
3190 1073 3308 1122 qua
3336 1072 3439 1110 non
3461 1059 3639 1111 solum
3669 1057 3748 1111 si-

2183 1147 2347 1202 bimet
2387 1150 2712 1204 infructuose
2740 1150 2948 1215 durare,
2978 1148 3068 1203 sed
3105 1159 3157 1203 et
3196 1150 3466 1217 frugiferas
3495 1162 3746 1216 quasque

2183 1240 2318 1293 male
2349 1255 2588 1306 premere
2611 1240 2936 1309 satagebant.
2964 1242 3200 1294 Accaron
3232 1254 3456 1304 namque
3486 1240 3537 1292 in
3566 1242 3746 1292 steri—

2183 1327 2402 1392 litatem,
2431 1327 2563 1381 Getlt
2589 1329 2814 1384 vertitur
2858 1329 2909 1382 in
2940 1327 3189 1383 torcular.
3217 1329 3277 1381 Et
3303 1329 3513 1396 quidem
3543 1328 3610 1380 de
3631 1339 3746 1380 ste-

2180 1417 2374 1468 vilitate
2405 1423 2544 1482 patet
2567 1417 2883 1482 intellectus,
2915 1416 3039 1484 quia
3068 1417 3231 1469 omnis
3282 1403 3433 1467 arbor
3479 1430 3592 1480 quc
3637 1431 3740 1466 non

2182 1508 2302 1576 facit
2342 1509 2561 1569 fructum
2605 1511 2788 1561 bonum
2833 1508 3107 1572 euidetur,
3150 1516 3197 1560 et
3223 1509 3277 1560 in
3312 1508 3474 1574 ignem
3513 1507 3746 1558 mittetur

2183 1596 2393 1667 (Matth.
2424 1597 2525 1666 tn).
2556 1598 2810 1652 Torcular
2835 1613 2983 1661 vero,
3011 1596 3151 1666 quod
3173 1605 3228 1650 et
3257 1607 3627 1662 persecutores
3652 1596 3745 1649 bo-

2183 1704 2368 1742 norum
2381 1689 2663 1755 signiticet,
2681 1697 2734 1739 et
2753 1685 2948 1740 Psalmi
2981 1700 3078 1754 pro
3095 1685 3446 1739 torcularibus
3467 1685 3736 1752 inscripti,

2182 1789 2237 1834 ct
2258 1781 2367 1850 ipsa
2415 1772 2754 1833 torcularium
2804 1779 2944 1832 actio
2967 1777 3314 1832 demonstrat.
3340 1777 3475 1832 Sunt
3509 1790 3740 1848 namqqe

524 1888 705 1941 uexer,
735 1853 995 1946 legimus;
1152 1877 1222 1932 ibi
1254 1853 1672 1945 praeoccupando
1701 1880 1876 1947 posuit
1912 1880 2078 1933 histo-
2113 1853 2158 1910 Β
2187 1871 2322 1938 ligna
2362 1869 2540 1922 radice
2583 1868 2782 1932 excisa,
2809 1867 2995 1922 fronde
3030 1877 3083 1922 et
3103 1867 3302 1922 cortice
3329 1866 3546 1932 nudata,
3579 1875 3740 1934 atque

523 1963 682 2030 ricus,
712 1965 796 2022 bic
825 1974 1000 2022 autem
1030 1976 1086 2022 et
1109 1978 1313 2036 tempus
1333 1978 1386 2022 et
1411 1983 1623 2023 causam
1654 1968 1883 2036 impositi
1913 1971 2082 2024 nomi-

522 2052 608 2106 nis
635 2054 1034 2124 exprimit;qui
1064 2056 1367 2110 Mediatoris
1409 2065 1535 2126 typo
1587 2060 1892 2124 przcclarns,
1945 2059 2080 2113 bene

523 2141 654 2208 lapis
684 2157 818 2195 unus
847 2153 1080 2208 vocatur,
1107 2145 1228 2213 quia
1278 2161 1414 2200 unus
1438 2145 1690 2200 Dominus
1737 2147 1892 2202 Jesus
1919 2149 2077 2204 Chri-

523 2239 663 2298 stus,
688 2232 775 2301 qui
795 2231 1049 2301 justiﬁeat
1073 2234 1529 2291 circumcisionem
1553 2251 1620 2290 ex
1644 2236 1766 2299 ﬁde,
1789 2248 1842 2291 et
1865 2253 2077 2306 prtepu-

529 2323 657 2376 tium
687 2337 782 2392 per
803 2323 958 2378 ﬁdem
984 2342 1000 2391 ;
1023 2325 1158 2380 bene
1175 2326 1315 2380 inter
1342 2323 1581 2392 lasphat
1632 2333 1688 2379 et
1713 2325 1818 2380 Sen
1847 2328 2076 2395 ponitur,

525 2409 630 2467 hoc
658 2423 741 2467 est
770 2413 907 2468 inter
935 2416 1108 2468 locum
1121 2430 1228 2482 quo
1253 2414 1530 2468 dominicae
1547 2415 1718 2469 crucis
1741 2426 1978 2470 erectum
1999 2416 2079 2469 al-

523 2500 639 2557 tare
661 2512 716 2557 et
743 2503 831 2557 ille
850 2503 1130 2573 singularis
1159 2513 1240 2558 est
1263 2519 1426 2573 agnus
1449 2504 1660 2559 oblatus
1691 2506 1780 2573 qni
1809 2505 1940 2559 tollit
1957 2520 2080 2574 pec-

520 2605 638 2651 cata
666 2595 870 2662 mundi,
892 2591 1109 2652 etinter
1128 2612 1248 2671 eum
1270 2612 1375 2668 quo
1393 2597 1580 2652 diffusa
1607 2613 1699 2664 per
1713 2598 1896 2652 orbem
1922 2607 2079 2654 terra:

523 2683 692 2749 potuit
719 2685 862 2739 verbi
896 2684 1150 2743 Dominici
1173 2685 1388 2740 victoria
1414 2687 1735 2755 pertingere,
1763 2688 1850 2755 qui
1881 2697 1934 2742 et
1948 2690 2076 2756 .ipse

525 2771 674 2826 locus
702 2772 1051 2842 pulcherrime
1070 2788 1229 2843 super
1257 2774 1501 2842 Dethcar,
1531 2774 1581 2830 id
1604 2786 1705 2842 est,
1728 2773 1943 2831 domum
1960 2779 2077 2845 agni

525 2863 606 2941 vel
633 2864 937 2934 agnitionis,
961 2865 1120 2936 jacet,
1151 2867 1273 2934 quia
1303 2867 1491 2923 eadem
1537 2869 1648 2934 ipsa
1680 2877 1788 2922 tota
1820 2878 2076 2923 terrarum

523 2953 654 3008 orbe
677 2953 869 3008 Christi
899 2954 1060 3024 fulget
1088 2956 1345 3010 Ecclesia.
1379 2957 1487 3011 Nec
1537 2957 1731 3012 frustra
1763 2960 1907 3012 locus
1937 2957 2079 3012 idem

527 3043 659 3108 Sen.
693 3045 744 3098 id
771 3054 872 3108 est,
913 3048 1216 3099 nominatus
1262 3044 1475 3110 dicitur,
1526 3047 1645 3112 quia
1695 3045 1917 3113 populus
1961 3061 2080 3116 gen-

526 3133 678 3197 tium.
699 3133 784 3202 qtti
815 3149 842 3187 a
867 3134 1058 3188 ﬁnibus
1087 3145 1242 3190 terra:
1269 3135 1462 3188 clamat
1489 3134 1554 3188 ad
1576 3134 1878 3201 Dominum,
1893 3145 1946 3190 et
1968 3135 2079 3203 ipse

523 3240 644 3280 cum
670 3226 829 3280 Israel
855 3227 996 3280 audit
1028 3243 1041 3278 :
1073 3225 1318 3292 Gaudete,
1340 3227 1459 3291 quia
1485 3227 1688 3280 nomina
1708 3237 1868 3280 vestra
1885 3229 2078 3293 scripta

523 3324 640 3370 sunt
663 3314 884 3368 inetelis
905 3313 1053 3384 (Luc.
1086 3314 1159 3383 ι).
1193 3315 1267 3368 De
1321 3315 1510 3384 quibus
1561 3325 1616 3370 et
1645 3316 1766 3369 alibi
1813 3315 1940 3371 dicit
1970 3333 1981 3366 :
2013 3315 2078 3369 Et

527 3407 759 3477 proprias
783 3423 893 3460 oves
921 3417 1062 3459 vocat
1084 3407 1380 3460 nominatim
1401 3403 1576 3476 (Joon.
1610 3406 1686 3476 ι).
1717 3406 1861 3461 Tulit
1915 3408 2073 3476 igitur

526 3495 779 3550 Dominus
818 3493 1042 3564 lapidem
1096 3497 1403 3563 pretiosum,
1449 3497 1780 3567 angularem,
1826 3498 2074 3564 electum,

529 3585 629 3638 Itoc
678 3592 762 3638 est
814 3587 1187 3654 semetipsum;
1215 3595 1269 3640 ct
1322 3586 1490 3654 posuit
1520 3587 1656 3642 inter
1700 3586 1998 3652 Judaornm
2024 3597 2078 3640 et

522 3676 758 3742 gentium
791 3677 1056 3744 populum,
1087 3677 1176 3745 qui
1232 3679 1430 3747 potenti
1476 3677 1559 3731 sui
1612 3676 1839 3745 Spiritus
1885 3677 2077 3731 auxilio

530 3777 810 3833 utrumque
837 3775 1180 3834 congregaret
1199 3767 1250 3819 in
1273 3782 1454 3830 unum,
1473 3777 1525 3821 et
1552 3767 1619 3820 de
1645 3766 1852 3821 cunctis
1881 3767 2068 3821 adver-

526 3853 766 3919 sitatibus
792 3850 1106 3908 mirabiliter
1134 3865 1370 3921 ereptum
1417 3861 1582 3922 usque
1607 3853 1673 3918 ad
1713 3858 2075 3922 contemplan-

517 3941 652 3998 ‘dam
675 3956 784 3996 suae
830 3941 1021 3996 divinat.
1049 3942 1337 4010 majestatis
1365 3942 1584 4011 gloriam
1611 3942 1912 3996 sustolleret
1937 3959 1950 4007 ;
1984 3958 2078 3996 cu-

523 4034 613 4101 jus
666 4031 914 4086 nimirum
967 4033 1176 4098 visioni,
1225 4049 1325 4100 qua
1365 4032 1497 4086 nihil
1540 4042 1618 4085 est
1645 4033 1831 4086 melius
1863 4033 1882 4102 (
1910 4048 2077 4101 neque

526 4126 671 4178 enim
691 4132 949 4193 quotquot
975 4123 1111 4178 hanc
1142 4122 1331 4176 intueri
1363 4123 1730 4189 meruerimus,
1761 4123 1958 4192 aliquid
2007 4124 2079 4177 ul-

525 4223 606 4267 tra
629 4200 1150 4281 majusquterimtts),
1180 4213 1299 4280 quia
1332 4215 1561 4266 maximo
1589 4212 1726 4266 bono
1753 4213 2075 4277 laetabimur,

526 4306 667 4358 bene
689 4304 839 4358 valde
862 4303 1054 4358 dicitur
1086 4321 1100 4356 :
1129 4303 1261 4368 Quia
1289 4300 1556 4372 hucusque
1582 4305 1862 4359 auxiliatos
1876 4315 1954 4358 est
1977 4320 2076 4358 no-

527 4394 610 4450 bis
632 4393 904 4446 Dominus.
935 4393 1086 4465 Dode
1107 4402 1161 4446 et
1187 4394 1238 4446 in
1290 4394 1575 4463 Evangelia
1624 4392 1897 4460 Dominus,
1927 4396 2077 4462 quasi

531 4498 624 4552 pro
645 4497 850 4537 summo
878 4491 932 4537 et
963 4481 1360 4548 incomparabili
1416 4483 1555 4537 ιλιι.)
1612 4473 1842 4538 ﬁdelium
1886 4485 2078 4551 papulo

483 4632 486 4635 _
529 4572 808 4651 promittit,
861 4572 1081 4628 dicens:
1114 4571 1216 4638 Qui
1252 4583 1418 4627 autem
1467 4573 1631 4644 diligit
1674 4573 2083 4648 tne,dilt'gitura

533 4664 686 4719 Patre
707 4681 836 4733 meo,
858 4678 904 4721 et
919 4682 1010 4735 ego
1037 4665 1248 4737 diligam
1277 4682 1419 4731 eunt,
1458 4676 1508 4720 et
1529 4665 1861 4736 mattifestabo
1892 4667 1938 4720 ei
1980 4682 2082 4719 nte-
2140 4722 2148 4726 ἥ

494 4756 889 4831 ,δρικηιυοαηο
929 4757 1062 4826 ιιν).

497 4845 500 4850 ’
583 4847 954 4902 ,Etltumiliati
983 4854 1097 4900 sunt
1121 4844 1456 4910 Philistltiitn,
1488 4853 1593 4899 etc.
1643 4841 2085 4898 Provenienlibns

536 4939 604 4994 ad
632 4939 854 5006 lapidem
882 4923 1026 4993 illum
1077 4938 1461 4999 auxiliatorem,
1489 4936 1573 4989 cui
1610 4933 1889 4987 Psalmista
1939 4934 2084 5002 juxta

538 5031 846 5086 llebraicam
872 5028 1127 5082 duntaxat
1159 5015 1431 5081 veritatem
1461 5028 1706 5080 decantat
1733 5041 1749 5079 :
1791 5027 1913 5079 Esto
1965 5026 2086 5079 nti/ti

532 5125 585 5175 in
606 5117 823 5190 lapidem
843 5118 1194 5186 fortissimum.
1219 5127 1265 5170 et
1284 5117 1338 5171 in
1361 5116 1565 5169 domum
1605 5109 1870 5180 munitam,
1898 5125 1950 5169 ut
1980 5116 2087 5169 sal-

534 5225 615 5262 oes
630 5225 729 5272 nte,
748 5209 867 5276 quia
893 5216 1037 5276 petra
1049 5222 1156 5257 mea
1181 5215 1228 5258 et
1251 5207 1458 5260 munitio
1478 5223 1588 5260 mea
1607 5218 1661 5282 tu
1677 5223 1736 5278 es.
1752 5207 1921 5277 (Psal.
1939 5206 2083 5273 xxx),

543 5298 954 5352 httmiliabuntur
996 5292 1403 5358 hmtesﬂnostri,
1459 5312 1628 5365 neque
1653 5281 1928 5364 apponent
1957 5297 2086 5348 ultra

542 5391 793 5444 virtutum
819 5397 1116 5452 nostrarum
1140 5386 1410 5441 incursare
1440 5389 1712 5448 terminos.
1743 5402 1888 5453 cum,
1940 5385 2090 5438 nobis

536 5477 677 5547 apud
708 5475 980 5530 Doinum
1012 5476 1335 5545 gloriﬁcatis,
1364 5491 1422 5531 se
1446 5476 1809 5529 viderintesse
1831 5474 2089 5528 devictos.

539 5570 672 5628 Nam
733 5570 785 5623 in
845 5568 944 5620 hoc
993 5567 1145 5619 nobis
1172 5567 1369 5620 saeculo
1415 5564 1796 5627 laborantibus,
1827 5574 2090 5628 nunquam

538 5659 883 5721 mutationum
913 5657 1049 5713 bella
1086 5658 1327 5712 deerunt.
1463 5704 1467 5706 ν
1856 5719 1864 5728 κ

613 5747 777 5805 Facta
818 5759 910 5806 est
928 5751 1096 5820 itaque
1148 5765 1323 5801 manus
1347 5746 1550 5801 Domini
1579 5760 1731 5812 super
1759 5733 2090 5807 Philistltit’nt,

2180 1959 2324 2012 omni
2358 1973 2571 2026 prorsus
2587 1971 2688 2026 spe
2711 1956 3055 2010 fructiﬁcandi
3086 1957 3308 2026 privata,
3339 1956 3402 2008 ad
3425 1955 3593 2009 solam
3611 1971 3740 2012 uvao.

2179 2065 2293 2105 rum
2320 2051 2433 2104 sive
2453 2049 2706 2103 olivarum
2729 2049 3116 2102 conclusionem
3137 2047 3574 2115 pressionetnquc
3592 2061 3736 2098 cum-

2180 2139 2606 2207 pacta.Quarum
2662 2137 2808 2199 dum,
2861 2135 3090 2202 pondere
3141 2148 3344 2203 pressa,
3396 2134 3736 2188 comminutis

2178 2228 2411 2297 gigartis,
2459 2225 2772 2293 follibusque
2823 2224 3078 2290 vacuatis,
3125 2232 3299 2278 musta
3355 2223 3625 2277 lctissima
3672 2238 3735 2276 ac

2180 2316 2516 2386 pinguissima
2553 2314 2652 2368 olei
2685 2313 2878 2369 ﬂuenta
2909 2314 3258 2378 manaverint,
3289 2309 3491 2366 fructus
3519 2312 3730 2378 quidem

2179 2406 2395 2476 pretiosi
2441 2405 2665 2474 liquoris
2712 2404 2983 2472 apothecis
3013 2402 3228 2466 inditur,
3255 2409 3309 2454 at
3338 2400 3539 2454 resides
3585 2409 3734 2452 testae

2177 2499 2315 2552 foras
2345 2496 2638 2549 mittuntur.
2669 2493 2782 2560 Ipsa
2809 2506 2935 2546 vero
2966 2490 3244 2547 toreularia
3300 2489 3474 2543 lructu
3519 2497 3579 2541 ut
3606 2498 3728 2542 ante

2178 2601 2364 2650 vacua,
2415 2585 2585 2639 solum
2649 2581 2858 2652 quando
2903 2583 3248 2650 torquendum
3294 2581 3418 2649 quid
3448 2582 3725 2649 ceperint,

2179 2675 2443 2729 inhianter
2473 2681 2802 2741 exspectant,
2825 2673 2994 2727 donec
3014 2681 3067 2727 et
3088 2673 3196 2740 ipsa
3216 2682 3331 2738 post
3350 2672 3559 2739 longam
3583 2684 3728 2738 pres-

2176 2781 2315 2820 sura:
2341 2764 2770 2820 censuetudiuem
2785 2771 3049 2817 vetustate
3071 2762 3317 2825 contrita,
3349 2760 3575 2814 ﬂammis
3602 2774 3728 2813 exu-

2178 2856 2337 2909 renda
2371 2853 2660 2909 tradantur.
2693 2852 2785 2908 Sic
2811 2852 3087 2916 nimirum,
3109 2852 3185 2905 sic
3211 2850 3464 2905 Ecclesiae
3509 2858 3727 2902 tortores

2177 2961 2281 3000 non
2309 2945 2477 3000 solum
2503 2945 2674 2997 virore
2703 2942 2855 3009 ﬁdei,
2879 2941 3014 2996 foliis
3060 2940 3410 2994 confessionis
3437 2949 3494 2992 et
3539 2952 3724 3004 apera-

2179 3035 2338 3089 tlonis
2381 3033 2533 3088 bona:
2580 3026 2834 3086 fructibus
2867 3041 3086 3095 carent;
3117 3029 3208 3084 sed
3238 3037 3293 3082 et
3321 3028 3616 3082 fructuosas
3636 3027 3727 3079 nti-

2182 3126 2482 3182 sericordia
2537 3135 2590 3179 et
2643 3123 2962 3185 dilectionis,
3012 3129 3428 3186 cteterarumque
3456 3118 3722 3178 virtutum.

2182 3218 2373 3271 studiis
2395 3216 2598 3269 animas
2620 3228 2788 3283 usque
2805 3213 2870 3268 ad
2901 3213 3078 3266 carnis
3099 3210 3488 3285 absolutionem
3517 3209 3727 3276 fatigare

2180 3323 2282 3360 non
2301 3315 2529 3362 cessant.
2556 3304 2667 3360 Non
2697 3304 2838 3359 enim
2863 3312 2980 3372 post
2997 3302 3109 3356 hare
3133 3299 3331 3354 habent
3353 3300 3579 3368 amplius
3592 3298 3771 3366 quod“

2176 3396 2392 3464 faciant,
2417 3412 2535 3452 cum
2566 3405 2617 3452 et
2635 3395 2807 3464 pulvis
2830 3385 3075 3448 reversus
3100 3391 3255 3446 fuerit
3277 3392 3328 3445 in
3342 3401 3538 3444 terram
3559 3403 3721 3448 sua.

2179 3488 2315 3541 unde
2367 3495 2500 3547 erat,
2551 3495 2605 3539 et
2654 3485 2872 3552 spiritus
2891 3479 3109 3536 redierit
3149 3481 3215 3534 ad
3247 3479 3435 3542 Deum,
3464 3479 3553 3548 qui
3588 3478 3724 3530 dedit

2177 3591 2319 3639 eum,
2368 3583 2421 3629 et
2470 3573 2570 3642 ipsi
2631 3572 2785 3627 bonis
2845 3584 3058 3640 semper
3105 3569 3424 3632 adversarii,
3454 3576 3723 3636 perpetuos

2179 3665 2415 3735 tempore
2443 3664 2619 3719 debito
2643 3661 2898 3731 gehennae
2945 3659 3226 3714 trudentur
3255 3659 3308 3712 in
3342 3659 3514 3727 ignes.
3537 3657 3720 3712 Veru

2176 3754 2294 3825 quia
2323 3755 2389 3809 de
2413 3752 2599 3808 talibus
2627 3751 2860 3807 nonnulli
2885 3750 3106 3804 salutem
3129 3764 3284 3818 quam
3316 3749 3370 3802 in
3403 3746 3720 3817 protoplasto

2179 3845 2475 3912 perdidere,
2495 3843 2706 3897 Christo
2737 3842 3041 3904 miserante,
3071 3841 3350 3906 recipiunt,
3372 3846 3516 3890 recte
3549 3834 3725 3887 dicun-

2178 3947 2262 3988 tur
2299 3935 2458 3989 lsrael
2496 3949 2611 3986 sua:
2639 3931 2878 3985 civitates
2902 3930 2970 3984 ab
3011 3933 3242 3983 Accaron
3273 3939 3439 3992 usque
3469 3923 3645 3999 .Cetb.
3673 3923 3719 3976 id

2177 4034 2280 4090 est.
2308 4039 2336 4077 a
2368 4024 2639 4078 sterilitate
2668 4036 2832 4090 usque
2858 4021 2922 4074 ad
2953 4019 3199 4080 torcular,
3223 4029 3341 4068 esse
3359 4013 3594 4090 reddita.
3620 4015 3720 4066 Ασ-

2176 4087 2409 4168 caronita
2446 4111 2638 4180 quippe
2682 4087 2897 4177 Sergius
2947 4108 3137 4162 Paulus
3175 4087 3478 4171 proconsul,
3503 4102 3718 4155 Accam-

2179 4203 2287 4256 nita
2319 4210 2432 4255 erat
2460 4199 2740 4271 Dionysius
2770 4189 3102 4265 Areottagita.
3128 4191 3365 4248 Getbeus
3393 4205 3521 4246 vero
3561 4189 3708 4258 juve-

2178 4295 2258 4347 nis
2308 4293 2396 4345 ille
2444 4293 2701 4344 minarum
2745 4297 2796 4343 et
2857 4288 3021 4342 caedis
3077 4287 3316 4351 aspirans
3345 4284 3403 4336 in
3443 4279 3746 4344 discipulos

2177 4383 2392 4438 Christi.
2419 4380 2652 4450 Denique
2696 4377 3078 4432 nobilissimum
3107 4375 3251 4428 illum
3277 4374 3485 4426 botrnm
3540 4367 3712 4436 gradu,

2185 4475 2397 4528 nomine
2434 4483 2488 4527 et
2517 4472 2758 4539 passione
2781 4478 3114 4529 coronatum,
3161 4465 3212 4517 in
3241 4460 3497 4529 primitias
3549 4457 3714 4510 Eccle-

2181 4570 2274 4620 site
2312 4565 2523 4620 Christo
2575 4560 2923 4620 oﬂerendnm,
2963 4554 3191 4622 lapidum
3224 4565 3463 4619 pressura
3513 4548 3714 4603 comati-

2183 4654 2421 4712 nuendo.
2433 4650 2637 4704 sarcina
2650 4648 2852 4723 :carnis
2875 4651 3109 4696 exuerat.
3141 4640 3245 4695 Sed
3268 4640 3392 4693 dum
3417 4639 3490 4693 illi
3519 4639 3586 4692 de
3603 4652 3716 4704 gen.

2185 4731 2371 4795 tilitate
2389 4738 2453 4793 ad
2477 4733 2660 4815 ﬁdem,
2678 4735 2780 4812 iste
2800 4734 2870 4791 de
2896 4739 3231 4801 persecutore
3283 4731 3442 4783 etiam
3493 4728 3558 4780 ad
3607 4740 3716 4792 apo.

2185 4831 2408 4883 stolatus
2427 4827 2654 4895 gratiam
2667 4823 2927 4891 pervenit,
2950 4820 3185 4890 profecto
3203 4818 3456 4872 sterilitas
3476 4825 3530 4869 et
3561 4823 3714 4864 torcu-

2188 4919 2266 4972 lar
2293 4916 2468 4979 urbes,
2500 4902 2711 4984 quando
2727 4911 2796 4966 ab
2817 4910 2967 4964 hoste
2991 4919 3160 4978 capta:
3206 4917 3350 4972 sunt,
3405 4904 3472 4956 ab
3503 4902 3714 4954 Ecclesia

2185 5018 2413 5074 recepta.

2263 5100 2484 5168 Eratque
2515 5115 2618 5166 pas:
2643 5099 2774 5151 inter
2803 5092 2967 5148 Israel
2994 5100 3042 5144 et
3071 5087 3439 5143 Atnorrltarutrt.
3467 5085 3590 5138 Erat
3617 5092 3716 5152 post

2187 5192 2547 5256 ascensionem
2579 5186 2803 5245 Domini.
2826 5179 3147 5238 conﬁrmatis
3178 5176 3280 5228 title
3305 5172 3564 5228 Ecclesiis
3593 5218 3607 5240 ,
3630 5187 3717 5245 pas

2190 5293 2388 5343 nostra,
2417 5295 2532 5349 quae
2558 5279 2678 5332 fecit
2703 5287 2922 5342 utraque
2947 5284 3127 5334 unum,
3153 5268 3292 5322 inter
3309 5281 3404 5321 eos
3429 5266 3520 5335 qui
3543 5267 3610 5321 de
3635 5263 3715 5321 lno

2191 5375 2319 5426 datis
2345 5381 2398 5424 et
2415 5381 2519 5442 eos
2545 5367 2632 5436 qui
2679 5364 2950 5422 credidere
2978 5361 3045 5414 de
3068 5357 3334 5428 gentibus.
3353 5355 3480 5429 Erit
3498 5366 3556 5412 et
3581 5359 3631 5410 in
3655 5366 3716 5412 te.

2192 5475 2309 5512 cum
2337 5475 2489 5513 verus
2521 5458 2774 5517 Israelita,
2799 5455 2847 5506 id
2877 5461 2959 5506 est
2983 5453 3096 5504 sine
3121 5450 3240 5504 dolo
3265 5449 3402 5503 vivis
3433 5488 3449 5511 .
3481 5452 3582 5516 pas
3610 5461 3714 5508 euut

2195 5553 2342 5604 hoste
2381 5545 2646 5618 quondam
2682 5558 2893 5607 amaro,
2941 5542 3077 5608 quod
3134 5541 3513 5608 interpretatur
3555 5544 3715 5591 Amat“

2195 5643 2371 5694 rltteus
2390 5683 2404 5703 ,
2436 5637 2791 5707 cqmdevicta
2823 5633 2874 5685 in
2903 5626 3105 5684 te'vitia
3133 5639 3322 5684 cuncta
3348 5626 3629 5681 virtutibus
3651 5623 3714 5680 ia-

2195 5726 2318 5788 verc
2348 5731 2587 5787 docueris
2605 5767 2626 5794 ,
2654 5735 2705 5782 et
2738 5725 2966 5780 membra
2989 5721 3344 5791 qua‘fuerant
3383 5732 3530 5774 arma
3553 5715 3717 5788 iniqui-
