3916 6260
249 358 353 410 54ῖὸ
753 358 813 408 l.\‘
855 355 1218 410 SUIUEIE“
1263 354 1675 408 PROPIIETA“
1722 349 2149 406 ALLEGOIIICA
2191 348 2568 404 EXI'USITIO.
2601 381 2666 389 —
2709 350 2832 404 UB.
2875 349 2938 404 Il.

3346 353 3460 408 .556

247 469 374 522 talia
405 476 640 534 peccato,
692 465 882 520 feceris
917 480 1060 518 arma
1081 465 1300 532 justitiie
1332 465 1460 518 Deo.
1497 463 1627 516 Nam
1659 473 1714 518 et
1745 462 1798 515 in
1831 469 1877 522 Α
1908 461 2145 528 Masphat
2170 473 2545 530 congregasse,
2580 461 2756 528 ibique
2771 461 3062 532 iudicasse.
3092 473 3276 519 contra
3313 466 3455 524 itane

237 568 332 611 tua
362 569 542 609 meme
569 554 797 623 quandiu
829 554 938 608 veri
969 554 1232 608 Samuelis
1284 555 1451 622 gratia
1484 553 1614 606 vivit
1634 560 1690 606 et
1713 567 1800 606 re-

250 654 401 718 gnat.
429 646 637 698 tametsi
689 637 902 711 peccato
930 643 996 696 ad
1029 643 1287 712 integrum
1319 655 1501 696 carere
1527 640 1678 709 quasi
1711 640 1808 692 ho-

255 750 340 788 m
370 752 474 788 non
505 736 696 803 possis,
723 733 972 802 quidquid
1017 732 1246 787 sordida:
1295 733 1385 784 tibi
1435 732 1802 800 cogitationes,

247 828 500 879 virtutum
541 825 891 892 spiritualium
917 823 1063 890 quasi
1083 822 1452 883 insidiatrices,
1483 819 1804 873 Pbilistltiim

252 927 436 971 manus
458 914 788 976 abstulerim,
813 913 1117 980 quotidiana
1136 909 1530 978 ejusjuvainine
1547 906 1796 973 recipies,

247 1013 307 1060 et
358 1005 411 1057 in
443 1003 698 1057 terminos
741 1003 997 1056 bonorum
1023 1015 1239 1069 operum
1271 1009 1477 1052 tuorum
1507 997 1666 1051 etiam
1694 997 1806 1064 ipse

250 1095 499 1150 liberabis
512 1093 580 1146 de
601 1107 756 1146 manu
775 1091 1235 1153 Pbilisthinorum,
1251 1093 1369 1158 quia
1396 1087 1644 1154 patientia
1675 1102 1804 1154 pau-

251 1199 439 1254 parutn
488 1199 592 1237 non
624 1184 812 1250 peribit
859 1182 908 1236 in
961 1193 1235 1237 internum.
1272 1183 1334 1234 Et
1360 1181 1597 1248 quamvis
1624 1179 1800 1231 media

249 1276 306 1330 iu
335 1276 444 1329 acie
474 1273 873 1328 invulnerabilis
917 1256 1036 1326 esse
1069 1287 1172 1324 non
1204 1271 1399 1333 possis,
1429 1283 1586 1324 cursu
1627 1267 1800 1321 tamen

248 1373 641 1429 consummato,
672 1365 792 1417 vitae
817 1378 1010 1416 corona
1043 1351 1346 1416 donaberis.

316 1457 593 1510 Iudicabat
615 1473 808 1526 quoque
829 1454 1040 1508 Samuel
1053 1451 1314 1512 Israelem,
1339 1462 1442 1504 etc.
1468 1449 1674 1527 Iudicat
1695 1446 1802 1501 Do-

250 1549 429 1604 minus
458 1546 744 1601 Ecclesiatn
772 1545 915 1597 omni
947 1554 1202 1611 tempore,
1249 1558 1354 1608 quo
1399 1541 1533 1593 hanc
1567 1541 1618 1592 in
1650 1539 1803 1592 terris

247 1640 671 1708 peregrinantem
714 1636 903 1689 divina:
930 1635 1221 1701 praesentia:
1269 1647 1379 1684 sua:
1409 1632 1523 1683 luce
1551 1629 1797 1682 vivificat.

244 1727 412 1781 fidem
439 1728 579 1790 enim
608 1734 731 1778 sunt
753 1725 867 1777 dies
886 1722 1103 1782 Christi,
1133 1722 1219 1788 qui
1266 1721 1378 1773 dies
1425 1717 1690 1771 Ecclesia.
1725 1715 1800 1769 De

1907 549 2285 604 debellandam
2312 547 2647 604 Philistbaos
2673 550 2996 616 ascendisse,
3023 553 3139 620 sed,
3170 553 3286 620 ips-i
3307 554 3461 610 holo-

1905 650 2147 692 caustum
2171 638 2452 703 offerente,
2502 639 2670 693 victos
2697 640 2980 709 aufugisse.
3007 651 3276 696 narratur.
3308 641 3460 699 Nunc

1904 740 2078 782 autem
2102 738 2156 785 et
2175 731 2305 783 alias
2320 730 2472 790 duas,
2494 729 2645 798 quasi
2662 731 2942 792 sociasilli.
2960 732 3462 791 civitatescircnim

1905 819 2154 885 refertur,
2177 820 2297 886 quia
2328 819 2654 887 principalis,
2685 836 2806 890 qua
2831 820 3121 888 Ecclesiam
3142 835 3452 894 oongreget.

1905 920 1955 960 et
1979 916 2172 960 cuncto
2199 907 2265 960 ab
2309 906 2463 962 hoste
2507 910 2712 962 muniat
2739 909 2930 976 virtus,
2961 910 3192 965 cbaritas
3219 920 3319 966 est.
3351 913 3456 967 Sed
3513 955 3518 959 .

1915 1005 1970 1045 ut
1998 994 2154 1061 digne
2181 996 2243 1047 ad
2272 994 2408 1049 lianc
2434 997 2606 1051 valeat
2632 1000 2912 1064 perveniri,
2947 999 3068 1052 fidei
3098 1014 3318 1056 πεοθτδε
3340 1010 3446 1064 est.

1903 1101 2020 1149 qua:
2051 1084 2296 1153 purificet
2316 1085 2500 1152 corda,
2523 1097 2576 1140 et
2602 1088 2736 1153 spei,
2759 1101 2879 1156 quae
2905 1089 2972 1140 ad
3009 1104 3240 1158 superna
3265 1105 3457 1160 prove-

1906 1172 2017 1236 hat,
2047 1175 2218 1242 pritno
2249 1188 2466 1229 munere
2483 1185 2756 1227 curentur.

1973 1261 2424 1330 Reoertebatarqas
2452 1263 2508 1315 in
2537 1262 2809 1338 Romamn,
2843 1271 2944 1318 etc.
2977 1262 3240 1318 Reversus
3255 1275 3336 1320 est
3355 1263 3458 1320 Do-

1900 1352 2078 1405 minus
2108 1353 2158 1404 in
2186 1351 2378 1405 omium
2403 1366 2626 1420 corpore
2668 1354 2832 1406 semel
2857 1355 3214 1420 ascendendo,
3245 1370 3459 1423 peracto

1901 1458 2012 1497 sua:
2040 1443 2453 1514 dispensationis
2477 1431 2652 1500 officio
2676 1464 2692 1512 ;
2749 1449 3032 1502 revertitur
3050 1450 3288 1518 quotidie
3318 1465 3454 1519 pre-

1902 1536 2073 1588 sentia
2123 1534 2326 1600 divina,
2352 1550 2455 1603 qua
2505 1549 2718 1605 semper
2747 1539 2940 1604 ubique
2967 1547 3110 1593 totus
3143 1542 3394 1611 pertingit
3419 1557 3451 1596 a

1903 1623 2010 1676 fine
2031 1638 2196 1691 usque
2219 1622 2285 1678 ad
2316 1623 2474 1678 linem
2497 1623 2724 1692 fortiter,
2750 1635 2805 1680 et
2827 1627 3064 1695 disponit
3100 1632 3276 1684 omnia
3321 1646 3413 1686 sua
3431 1663 3446 1672 -

1903 1715 2062 1768 viter.
2095 1713 2168 1768 ibi
2197 1724 2281 1769 est
2328 1716 2468 1769 enim
2510 1716 2652 1782 caro,
2686 1732 2840 1786 quam
2896 1733 2992 1786 pro
3019 1721 3171 1774 nobis
3197 1705 3366 1777 induit
3396 1735 3452 1778 et

243 1817 438 1884 quibus
487 1817 537 1868 in
579 1813 866 1882 Evangelia
914 1811 1144 1879 loquitur
1179 1827 1190 1860 :
1256 1809 1495 1874 Quandiu
1529 1810 1581 1860 in
1605 1808 1793 1860 mundo
1829 1802 1869 1859 Β
1894 1801 2247 1871 glorificavit;
2295 1804 2367 1858 ibi
2397 1805 2514 1858 aula
2562 1798 2910 1889 beatorumﬂet
2935 1810 3241 1876 angelorum
3270 1821 3324 1865 et
3351 1813 3448 1867 lto-

237 1923 378 1970 δρινκ,
419 1906 509 1958 lux
536 1897 647 1958 sum
669 1903 847 1956 mundi
877 1902 1052 1970 (Joan.
1087 1903 1342 1966 tx).Quos
1359 1902 1482 1955 alibi
1514 1900 1799 1954 manifeste

239 1995 623 2056 determinans,
657 1993 728 2045 ait
761 2009 776 2045 :
808 1991 872 2044 Et
900 2007 1014 2045 ecce
1035 2007 1127 2059 ego
1157 1992 1410 2044 uobiscum
1430 2007 1540 2043 sum
1568 1989 1798 2042 omnibus

238 2083 433 2144 diebus,
446 2099 596 2150 usque
609 2081 675 2135 ad
687 2083 1159 2133 consummationem
1172 2082 1342 2132 κει·υῆ
1363 2079 1573 2146 \Matth.
1591 2097 1615 2130 κ
1629 2093 1684 2131 xv
1696 2081 1798 2136 Iit).

236 2171 445 2224 Judicat
475 2181 648 2222 autem
699 2184 840 2234 eam,
874 2171 953 2221 vel
983 2169 1219 2221 adversis
1252 2168 1565 2228 erudiendo,
1615 2167 1697 2219 vel
1729 2168 1794 2219 il-

249 2257 523 2312 lustrando
579 2258 754 2322 donis,
788 2259 865 2310 vel
899 2256 1170 2310 liberanda
1218 2270 1246 2307 a
1276 2266 1431 2324 gente
1457 2271 1559 2308 non
1591 2269 1794 2320 sancta,

241 2349 326 2402 vel
362 2349 428 2401 ad
484 2363 644 2416 regna
688 2363 913 2415 superna
973 2339 1328 2415 perducendo.
1361 2345 1542 2413 Itaque
1589 2335 1794 2400 occulta

254 2437 534 2504 praesentia
581 2452 672 2505 per
702 2437 938 2506 singulos
967 2439 1250 2490 electorum
1283 2435 1593 2498 discutiens,
1625 2449 1794 2503 spem,

243 2526 400 2579 fidem
432 2535 484 2578 et
533 2527 868 2580 dilectionem
897 2540 1103 2585 eorum.
1152 2534 1510 2592 quantumque
1560 2525 1610 2578 in
1639 2539 1795 2593 supra

241 2617 401 2670 dictis
432 2617 707 2669 virtutibus
752 2617 978 2685 quisque
1023 2615 1325 2684 profecerit,
1355 2617 1434 2669 vel
1476 2632 1567 2683 per
1597 2631 1655 2671 se
1683 2618 1795 2684 ipse

243 2707 336 2771 qui
364 2707 508 2758 novit
555 2705 759 2758 occulta
787 2705 985 2769 cordis,
1028 2705 1231 2780 vel-per
1261 2705 1540 2774 magistros
1564 2705 1794 2773 quotidie

241 2794 544 2861 spirituales
583 2794 911 2847 examinans.
947 2792 1074 2844 Nam
1123 2795 1262 2860 quod
1296 2807 1462 2844 annos
1518 2791 1786 2864 hominem
1819 2829 1822 2832 ~

241 2885 516 2952 figurando
539 2882 828 2945 denuntiet,
881 2883 1069 2951 probat
1107 2882 1309 2947 ethoc,
1355 2881 1492 2950 quod
1542 2880 1792 2934 humores

237 2979 470 3042 quatuor
517 2972 800 3037 notissimi,
848 2972 1036 3039 quibus
1065 2985 1256 3038 corpus
1302 2979 1571 3038 vegetatur
1598 2969 1784 3022 huma-

237 3076 390 3126 num,
421 3063 632 3115 intidem
657 3060 843 3115 annuis
869 3059 1192 3129 temporibus
1221 3059 1635 3114 concordissima
1658 3073 1787 3127 qna-

1903 1895 2099 1947 minutn
2135 1911 2150 1959 ;
2184 1894 2254 1948 ibi
2283 1895 2539 1963 promissa
2563 1897 2715 1951 nobis
2734 1912 2799 1951 ex
2833 1897 2940 1951 Deo
2955 1899 3232 1966 habitatio,
3257 1901 3450 1959 domus

1902 2001 2004 2039 non
2038 1973 2366 2048 manufacta,
2406 1997 2600 2042 aeterna
2642 1990 2694 2042 in
2721 1989 2891 2044 cmlis.
2923 1990 3074 2045 Unde
3099 1992 3233 2046 bene
3263 1991 3451 2048 [iama-

1901 2079 1988 2130 tba
2019 2077 2230 2132 excelsa
2256 2077 2374 2146 ejus
2397 2077 2592 2132 dicitur
2621 2093 2637 2143 ;
2685 2089 2739 2132 et
2761 2080 2831 2134 ibi
2862 2094 3084 2148 corpore
3111 2081 3309 2150 positus
3337 2081 3452 2152 ipse

1896 2167 2098 2232 judicat
2128 2168 2436 2234 Ecclesiam,
2469 2170 2548 2224 vel
2574 2170 2992 2238 peregrinantem
3022 2169 3195 2225 adhuc
3216 2171 3268 2226 in
3297 2173 3453 2229 terris

1900 2257 2231 2325 castigando,
2261 2257 2432 2312 donec
2459 2259 2523 2311 ad
2571 2259 2809 2314 cmlestia
2837 2261 3108 2327 perducat,
3153 2264 3236 2314 vel
3265 2277 3444 2320 secuta

1896 2343 2005 2413 jam
2035 2353 2355 2408 manentem,
2383 2344 2569 2413 dignas
2590 2346 2780 2414 cuique
2804 2362 2899 2414 pro
2926 2348 3130 2401 meritis
3157 2350 3312 2403 sedes
3334 2351 3442 2405 dis-

1901 2432 2201 2495 tribuendo,
2244 2433 2331 2486 ubi
2362 2434 2412 2486 in
2439 2435 2598 2487 domo
2627 2433 2796 2488 Patris
2813 2436 2894 2490 sui
2923 2439 3222 2492 mansiones
3253 2441 3443 2494 multas

1901 2520 2247 2592 babet(loan.
2273 2527 2411 2592 xm),
2434 2524 2608 2579 sciens
2626 2526 2746 2594 quia
2768 2527 2942 2579 omnia
2968 2527 3112 2581 dedit
3137 2527 3186 2583 ei
3209 2527 3362 2583 Pater
3388 2530 3442 2585 in

1898 2628 2102 2678 manus,
2133 2625 2186 2668 et
2214 2624 2525 2682 potestatein
2546 2614 2690 2668 dedit
2710 2617 2757 2670 ei
2785 2616 3040 2684 judicium
3062 2618 3237 2674 facere
3265 2617 3444 2689 (Joan.

1900 2700 1975 2768 v).
2009 2700 2082 2754 lbi
2111 2703 2268 2754 etiam
2292 2702 2429 2756 intra
2451 2703 2625 2756 velum
2656 2703 2868 2770 cmli,et
2892 2713 3091 2760 eterna
3118 2720 3297 2762 sancta
3320 2723 3443 2763 san-

1897 2801 2121 2851 ciorum,
2141 2803 2490 2858 supernorum
2520 2794 2678 2846 corda
2707 2795 2922 2857 civium,
2951 2811 3113 2849 unum
3145 2797 3286 2852 Patri
3315 2800 3446 2854 tedi-

1898 2879 2086 2933 ficabat
2104 2883 2289 2935 altare.
2317 2882 2389 2935 Ex
2414 2896 2542 2950 quo,
2573 2898 2682 2937 sua:
2713 2885 2982 2939 charitatis
3010 2887 3129 2954 igne
3151 2888 3439 2954 flammato,

1907 2978 2175 3039 perpetuae
2206 2972 2526 3026 laudationis
2546 2973 2795 3028 odoretur
2822 2975 3095 3031 incensum
3121 2979 3435 3051 dicentium,

1897 3059 2138 3128 Sanctus,
2167 3073 2387 3128 sanctus,
2417 3072 2618 3117 sanctus
2651 3063 2897 3119 Dominus
2929 3065 3065 3121 Deus
3112 3072 3440 3141 exercituum,

237 3151 444 3205 litatum
476 3153 676 3204 ratione
701 3151 962 3204 sociantur
986 3167 998 3201 :
1036 3149 1146 3203 veri
1176 3149 1385 3217 sanguis
1428 3187 1444 3212 ,
1470 3147 1681 3201 cholera
1706 3162 1790 3199 ru-
1816 3129 1860 3189 (ἶ
1893 3150 2042 3219 plena
2070 3161 2146 3203 est
2175 3151 2336 3203 onmis
2363 3161 2496 3204 terra
2514 3153 2677 3222 gloria
2699 3154 2809 3222 ejus
2823 3153 2971 3225 (Eae.
2992 3155 3087 3222 vi).
3120 3157 3184 3210 Et
3211 3129 3440 3214 iterum;

249 3241 350 3294 bea
374 3243 564 3303 aestati,
587 3250 837 3294 autumno
863 3240 1072 3294 cholera
1120 3240 1290 3309 nigra,
1333 3238 1578 3307 fiegmata
1609 3237 1790 3291 hiemi.

251 3329 404 3394 Quod
451 3339 620 3384 antem
653 3342 954 3382 memorata:
1005 3327 1242 3382 civitates
1289 3326 1506 3380 totidem
1560 3326 1792 3392 praefatis

245 3417 530 3472 virtutibus
572 3427 712 3471 recte
759 3427 1143 3484 comparentur,
1203 3415 1312 3482 ipsa
1362 3429 1542 3469 earum
1575 3415 1784 3466 nomina

249 3510 450 3564 indicio
475 3519 618 3574 sunt,
651 3526 869 3577 quarum
914 3509 1092 3562 Betbel
1119 3510 1171 3561 in
1194 3509 1408 3561 domum
1441 3507 1550 3571 Dei,
1613 3506 1790 3570 Galgal

245 3597 306 3649 in
335 3605 539 3661 rotam,
583 3597 816 3665 Maspbat
853 3599 1161 3650 transfertur
1189 3596 1241 3649 in
1270 3597 1555 3662 speculam.
1590 3595 1786 3649 Domus

239 3686 384 3739 cnim
417 3687 506 3741 Dei
534 3687 708 3756 signat
736 3702 826 3740 eos
852 3689 963 3755 qui,
992 3701 1157 3753 nuper
1181 3687 1299 3740 fidei
1333 3686 1585 3755 mysterio
1608 3700 1787 3738 susce-

237 3785 351 3847 pto,
384 3781 632 3847 templum
657 3780 764 3848 jam
793 3790 910 3831 sunt
941 3779 1024 3832 sui
1081 3778 1346 3832 Creatoris
1375 3778 1568 3831 effecti.
1642 3778 1790 3828 ltotze

241 3880 403 3938 typus
453 3870 627 3923 alltldil
661 3869 738 3923 eis
767 3869 876 3938 qui,
934 3869 1046 3935 spei
1099 3869 1416 3924 certitudine
1467 3869 1783 3931 confirmati,

239 3959 411 4012 citum
449 3959 515 4012 de
573 3959 670 4012 hoc
699 3961 889 4012 saeculo
935 3960 1331 4027 transmigrandi
1360 3973 1567 4012 cursum
1601 3959 1790 4012 mentis

248 4058 550 4112 sumpsere.
599 4046 834 4114 Specufte
879 4047 1131 4100 vocabulo
1179 4050 1544 4112 exprimuntur
1593 4047 1645 4099 hi
1674 4047 1785 4113 qui,

231 4135 515 4190 charitatis
551 4137 854 4190 excellentia
879 4136 1116 4205 perfecti,
1141 4137 1378 4204 quamvis
1401 4137 1572 4190 adhuc
1595 4137 1644 4189 in
1673 4150 1788 4189 car-

1894 3237 2051 3291 Saltts
2077 3237 2184 3292 Deo
2212 3248 2383 3292 nostro
2405 3279 2421 3304 ,
2452 3241 2537 3304 qui
2577 3242 2713 3296 sedet
2755 3258 2907 3306 super
2934 3245 3186 3308 thronum,
3216 3254 3266 3300 et
3305 3250 3447 3317 Agna

1872 3315 2075 3396 '(Apoc.
2129 3328 2244 3393 ειυς
2300 3338 2353 3381 et
2383 3339 2572 3382 caetera
2629 3332 2773 3393 talia,
2803 3347 2918 3398 qua:
2947 3331 3056 3401 illic
3107 3315 3366 3392 adductus
3387 3339 3438 3391 in

1891 3416 2087 3485 Spiritu
2141 3403 2284 3482 saepe
2314 3419 2636 3486 replicanda,
2669 3435 2878 3490 semper
2907 3426 3268 3489 memoranda.
3301 3428 3436 3483 dile-

1889 3518 2007 3563 ctus
2036 3510 2121 3564 ille
2165 3511 2452 3578 discipulus
2501 3511 2718 3566 audivit.
2749 3513 3011 3568 llactenns
3047 3517 3114 3570 de
3143 3517 3434 3574 mutatione

1889 3599 2082 3652 veteris
2131 3600 2410 3654 sacerdotii
2442 3602 2492 3654 in
2538 3617 2754 3665 novum,
2805 3605 2902 3656 sub
2930 3604 3042 3659 lleli
3071 3615 3127 3659 et
3169 3606 3430 3663 Samuelis

1889 3686 2063 3757 specie
2093 3690 2476 3759 transfigurata,
2505 3693 2676 3762 primo
2699 3703 2894 3748 nostrae
2922 3697 3267 3763 expositionis
3285 3699 3435 3754 libel-

1891 3781 1942 3834 lo
1972 3781 2340 3847 perstrinxisse
2391 3782 2635 3846 sufficiat,
2665 3792 2720 3836 ut
2765 3786 2912 3854 regni
2943 3801 3152 3854 quoque
3191 3791 3427 3843 mutandi

1893 3871 2075 3923 latiora
2115 3871 2385 3939 mysteria,
2424 3887 2540 3940 quis
2568 3887 2662 3941 per
2685 3872 2807 3928 Saul
2835 3883 2888 3927 et
2927 3873 3089 3928 David
3122 3879 3435 3944 przesignata

1889 3972 2030 4022 sunt,
2053 3961 2119 4014 ab
2147 3960 2249 4013 alio
2292 3961 2507 4014 liberius
2531 3971 2828 4016 scrutemur
2889 3963 3037 4017 initio
3068 4004 3083 4027 ,
3117 3977 3219 4016 non
3256 3976 3438 4018 nostro

1890 4049 2360 4117 lidentesiugenio,
2413 4049 2508 4102 sed
2535 4049 2675 4102 illius
2723 4064 2816 4116 per
2841 4051 3017 4102 omnia
3063 4049 3436 4118 juvamini'in-

1888 4142 2133 4198 nitentes,
2164 4138 2247 4190 cui
2279 4145 2384 4190 tota
2415 4137 2701 4204 prophetis
2758 4135 3029 4204 Scriptura
3066 4140 3319 4203 deservit,
3340 4151 3436 4195 cito

239 4239 314 4278 ne
355 4225 623 4292 degentes,
653 4227 877 4280 claustra
909 4229 1080 4279 carnis
1107 4219 1403 4281 didicerunt
1440 4237 1634 4280 aeterna
1666 4239 1787 4292 spe-
1884 4229 1970 4297 jus
2001 4229 2149 4295 regni
2181 4241 2285 4280 non
2312 4227 2416 4283 erit
2452 4225 2592 4289 finis,
2622 4232 2676 4278 et
2701 4234 2784 4280 est
2801 4228 3048 4283 sacerdos
3080 4230 3132 4282 in
3162 4241 3419 4286 internum

241 4317 474 4371 culando
508 4316 747 4369 transire.
783 4315 848 4368 Et
869 4314 1080 4384 quidem
1104 4329 1260 4383 supra
1303 4315 1512 4370 Samuel
1543 4315 1699 4368 Israel
1727 4314 1779 4367 in

1887 4317 2180 4372 secundum
2207 4317 2446 4371 ordinem
2470 4314 2875 4370 Melchisedech.

1382 4601 1674 4677 LIBER
1729 4597 2249 4677 SECUNDUS

830 4840 1246 4923 unouocus.‘

305 4962 560 5028 Quoniam
607 4961 658 5013 in
707 4959 807 5013 hoc
852 4959 1057 5023 libello,
1099 4959 1152 5012 id
1186 4968 1300 5023 est,
1330 4961 1561 5013 secundo
1590 4971 1787 5014 nostra:

229 5055 529 5122 allegorica
556 5053 894 5120 expositionis
923 5057 971 5104 in
1001 5053 1206 5106 beatum
1235 5054 1543 5120 prophetam
1563 5055 1784 5108 Samue-

1812 4875 1990 4934 Dnon
2037 4869 2261 4936 amplius
2304 4868 2553 4924 tredecim
2592 4872 2744 4924 annis
2791 4887 3016 4941 praeesse
3057 4874 3329 4941 dicerent;
3377 4896 3441 4932 co

1893 4961 2030 5030 quod
2072 4960 2325 5025 scriptum
2353 4961 2452 5014 sit:
2486 4958 2549 5012 Et
2578 4961 2767 5030 factum
2792 4975 2862 5017 est
2880 5005 2898 5027 ,
2926 4981 2990 5017 ex
3017 4981 3116 5031 qua
3139 4968 3221 5018 die
3259 4972 3442 5021 mansit

1895 5065 2012 5100 arca
2031 5049 2082 5100 in
2101 5045 2472 5112 Corinthiarius,
2495 5051 2811 5116 multiplicati
2832 5062 2948 5105 sunt
2969 5054 3106 5116 dies;
3129 5063 3236 5105 erat
3256 5057 3443 5123 quippe

230 5151 366 5209 lem,
396 5144 462 5198 de
492 5145 594 5198 fine
621 5145 839 5198 ducatus
868 5145 1098 5212 ejusdem
1129 5144 1423 5207 Samuelis,
1457 5153 1511 5198 et
1541 5145 1606 5197 de
1638 5145 1786 5199 initio
1885 5142 2000 5209 jam
2045 5155 2208 5190 annm
2242 5140 2504 5193 vicesimus
2545 5140 2593 5208 (I
2635 5141 2759 5210 Reg.
2807 5142 2923 5210 vti).
2971 5142 3219 5195 Putantes
3264 5159 3436 5199 arcam

228 5234 382 5300 regni
412 5232 569 5293 Sani.
602 5233 884 5286 auxiliante
915 5233 1170 5298 Domino,
1203 5247 1382 5285 sumus
1432 5248 1525 5300 pro
1575 5235 1788 5288 modulo

231 5332 422 5381 nostro
448 5323 668 5386 dicturi;
695 5325 862 5376 visum
903 5333 984 5376 est
1009 5325 1126 5376 loco
1158 5323 1422 5390 prooemii,
1452 5323 1520 5377 de
1551 5334 1788 5393 tempore

228 5426 343 5482 quo
367 5412 585 5480 quisque
610 5425 793 5463 eorum
823 5411 912 5464 Dei
941 5412 1131 5479 populo
1164 5411 1450 5479 praefuerit,
1475 5412 1644 5480 aliqua
1678 5428 1787 5466 tra-

228 5513 418 5563 ctare;
449 5507 503 5551 et
529 5499 650 5564 quia
681 5498 950 5564 Scriptura
988 5511 1168 5553 sancta
1196 5499 1262 5554 de
1294 5499 1395 5553 hoc
1438 5509 1612 5554 tacere
1643 5502 1790 5555 vide-

230 5600 347 5656 tur,
371 5589 462 5658 qui
493 5586 830 5641 verisimilius
856 5589 1105 5644 aestimari
1137 5589 1334 5659 possit,
1369 5589 1588 5643 sollicita
1617 5591 1785 5657 inqui-

231 5673 430 5737 sitione
457 5679 701 5734 scrutari.
735 5675 797 5730 Et
827 5677 1040 5745 quidem
1070 5695 1174 5736 non
1205 5679 1418 5736 defuere
1439 5723 1452 5747 ,
1484 5679 1570 5748 qui
1592 5679 1779 5733 ambos

1895 5226 2076 5294 viginti
2121 5227 2273 5280 anuis
2318 5228 2370 5280 in
2415 5227 2784 5282 Cariathiariin
2829 5230 3114 5292 mansisse;
3161 5241 3214 5283 et
3265 5231 3361 5286 bos
3409 5250 3471 5290 a,

1895 5315 2151 5382 principio
2181 5317 2468 5379 Samuelis.
2501 5332 2662 5386 usque
2687 5325 2803 5384 post
2837 5319 3118 5382 septimum
3146 5321 3307 5374 David
3335 5337 3433 5376 an-

1894 5418 2049 5463 num,
2081 5405 2293 5471 quando
2331 5407 2382 5459 in
2417 5405 2705 5458 Jerusalem
2751 5422 2970 5474 regnare
3008 5407 3286 5476 incipiens,
3317 5426 3434 5466 eam

1892 5493 1982 5546 illo
2025 5481 2334 5559 adduierit,
2385 5511 2502 5549 esse
2547 5497 2963 5564 computandos;
3008 5512 3124 5549 cum
3157 5501 3430 5567 Scriptura

1891 5581 2324 5637 manifestissime
2355 5594 2595 5648 testetur,
2629 5585 2950 5652 temporibus
2979 5585 3149 5640 Saulis
3174 5601 3435 5657 pugnante

1893 5672 2047 5730 Israel
2078 5672 2329 5728 adversus
2360 5675 2673 5730 l‘bilistliiim
2695 5716 2710 5740 ,
2739 5690 2852 5729 eam
2899 5675 3059 5733 fuisse
3089 5692 3208 5735 cum
3242 5683 3435 5749 popqu
