3916 6260
553 328 657 393 5L1

1011 333 1205 387 ΒΕΟΑΞ
1245 332 1685 388 VENEHABILIS
1721 332 1992 387 OPEliL‘ll
2037 334 2090 386 Pi

2197 339 2209 387 ι
2250 335 2309 389 ιι.
2364 318 2850 396 -ῈΧΕὲὲΕΤΙΟΛ
2890 341 3201 398 εεΝυιΝΑ.

3669 343 3762 401 διε

561 455 611 506 in
641 451 844 504 castris.
875 449 1144 517 Possitque
1179 447 1347 500 terius
1379 449 1540 500 inulto
1568 447 1754 512 videri,
1785 447 1964 514 viginti
1996 461 2088 497 an-
2126 449 2169 502 Λ
2201 447 2391 500 addere
2423 449 2586 501 licut.
2620 450 2723 502 Cur
2764 467 2863 502 ttnn
2913 463 2964 504 et
3008 452 3156 504 nobis
3205 452 3367 504 simili
3433 452 3765 502 nectes-itala

562 557 658 594 nos
685 541 769 607 qtti
798 540 919 592 dicti
950 548 1090 602 sunt,
1123 538 1164 589 si
1197 547 1400 604 tempus
1425 537 1713 589 mansionis
1743 550 1879 588 arcu:
1912 537 1961 586 in
1986 532 2097 588 Ca-

559 633 843 687 riatltiarim
873 633 1164 698 designant,
1211 631 1274 681 ad
1326 630 1425 682 hoc
1466 643 1628 693 usque
1666 637 1870 692 tempus
1902 628 2093 693 potius,

558 741 712 791 quam
743 739 858 775 cum
904 722 1061 774 David
1091 736 1204 772 eam
1238 719 1356 771 inde
1385 718 1618 777 duxerit,
1652 733 1771 770 esse
1813 732 2089 770 numeran-

559 818 672 864 dus.
707 812 836 864 Sunt
864 814 948 877 qui
979 809 1090 862 suis
1119 808 1413 862 Samuitlein
1456 808 1506 858 in
1546 805 1822 859 Chronicis
1868 815 2091 872 praeter-

557 904 778 955 eundum
823 903 1025 969 penitus
1067 914 1183 952 esse
1214 906 1470 962 putarent.
1515 898 1647 951 Sunt
1675 898 1761 962 qui
1791 899 1838 950 ei
1879 906 2093 962 septua-
2143 963 2152 970 _

557 995 699 1062 ginta
724 1006 908 1051 annos,
933 991 1017 1056 qui
1048 990 1185 1042 Sauli
1219 987 1427 1055 triginta
1458 987 1791 1039 adnotarent.
1816 986 1952 1039 Sttnt
1982 987 2093 1052 qui,

552 1085 733 1150 juncto
778 1081 1046 1132 amborum
1097 1088 1365 1144 tempore,
1413 1079 1749 1146 quadraginta
1795 1091 1889 1130 eos
1927 1091 2095 1130 annos

561 1172 802 1237 populum
833 1170 1030 1221 rexisse
1073 1169 1429 1234 pet-biberent.
1458 1166 1560 1220 Sed
1593 1166 1730 1219 unde
1768 1167 1959 1232 aliquid
1993 1166 2093 1217 lto-

556 1277 668 1314 rum
697 1261 943 1332 al‘lirmari
973 1259 1180 1320 debeat,
1207 1257 1444 1310 invenire
1483 1256 1777 1320 nequimus.
1815 1254 1959 1307 Unde
1990 1269 2093 1306 au-

558 1361 658 1402 tent
689 1351 880 1401 cassari
913 1350 1088 1399 omnia
1109 1390 1120 1407 ,
1153 1357 1205 1399 et
1233 1346 1428 1398 destrui
1459 1347 1692 1410 possint,
1724 1341 1972 1396 facillime
2004 1359 2093 1411 pa-

555 1448 646 1491 tet.
668 1437 798 1489 Dicit
820 1437 956 1489 enim
979 1435 1252 1487 manifeste
1276 1434 1541 1499 Scriptura
1565 1450 1575 1483 :
1601 1429 1812 1484 Factum
1841 1443 1913 1484 est
1939 1433 2093 1500 igitur

553 1525 1036 1593 quadringentesimo
1051 1535 1092 1573 et
1109 1525 1400 1589 octogesimo
1413 1536 1546 1572 anno
1559 1522 1853 1588 egressionis
1871 1521 2090 1586 ﬁliorum

553 1615 712 1668 Israel
743 1618 803 1665 de
825 1625 958 1664 terra
985 1610 1225 1682 afgypti,
1274 1612 1324 1660 in
1373 1625 1505 1660 anno
1545 1618 1742 1676 quarto.
1773 1623 1938 1658 mense
1975 1606 2088 1671 Zio,

553 1708 568 1754 i
575 1721 659 1770 pse
676 1715 744 1756 est
761 1704 941 1755 mensis
955 1703 1198 1753 secundus
1215 1701 1343 1769 regis
1363 1699 1648 1751 Salomonis
1667 1713 1818 1763 super
1833 1697 2019 1757 Israel,
2045 1707 2091 1750 et

2195 521 2477 600 ciincltisis,
2509 539 2657 590 liccat
2687 555 2842 591 unum
2873 541 3053 594 saltem
3083 551 3337 608 computo
3367 542 3406 592 il
3435 541 3520 594 ius
3556 556 3761 592 annum

2193 628 2520 692 subtrahere,
2546 644 2608 682 ac
2630 629 2802 683 Josua:
2825 633 3004 699 viginti
3035 634 3262 700 quinque
3290 647 3494 694 annos,
3521 634 3762 686 Samueii

2195 725 2246 768 et
2270 716 2410 769 Sauli
2440 720 2640 786 triginta
2670 720 2770 771 duo
2800 722 3086 774 adnotare?
3117 737 3179 775 ne
3215 727 3334 790 plus
3377 724 3541 788 justo
3595 726 3764 776 histo—

2196 808 2315 859 ricis
2339 809 2619 872 credendo,
2649 810 2969 877 Scripturatu
3017 814 3225 864 solvere
3272 813 3568 865 videamur
3599 833 3612 865 :
3649 829 3760 881 qua

2195 895 2432 947 absolute
2458 897 3019 966 quadringentesimum
3047 903 3432 970 octogesimum
3479 904 3760 969 egressio-

2196 985 2275 1035 nis
2305 1001 2364 1035 ex
2399 984 2626 1055 Egyptn
2655 1003 2846 1039 annum
2866 1028 2879 1048 ,
2907 1000 3144 1056 quartum
3175 1006 3292 1044 esse
3320 993 3653 1046 Salomonis
3681 1010 3759 1046 as-

2194 1083 2413 1125 severat.
2444 1075 2592 1138 Quod
2620 1077 2663 1128 si
2689 1079 2756 1128 ita
2785 1078 3035 1145 scriptum
3061 1089 3197 1132 esset
3223 1097 3234 1130 :
3265 1079 3493 1135 Factum
3524 1094 3620 1135 est
3647 1097 3760 1151 post

2193 1175 2453 1215 cccccxxx
2486 1180 2648 1216 annos
2673 1168 2987 1234 egressiOuis
3012 1184 3074 1221 ex
3107 1169 3354 1240 Egypto,
3384 1184 3597 1240 quarto
3622 1189 3758 1227 anno

2195 1251 2339 1315 regni
2371 1251 2699 1314 Salomonis,
2744 1257 2883 1307 nulla
2930 1258 3228 1312 omnimode
3257 1273 3393 1313 esset
3430 1274 3760 1316 contraver-

2193 1337 2292 1398 sia,
2320 1340 2434 1402 quia
2462 1341 2756 1405 superﬂuus
2793 1356 2960 1397 annus
3001 1346 3110 1412 ipse
3152 1359 3290 1400 esset
3331 1363 3561 1414 quartus
3608 1351 3759 1404 Salo-

2195 1426 2384 1478 monis.
2428 1427 2489 1479 Et
2537 1445 2602 1481 ne
2655 1431 2770 1497 quis
2822 1431 2957 1484 dicat
3005 1435 3184 1487 falsam
3243 1451 3338 1487 nos
3384 1440 3536 1502 sequi
3605 1454 3756 1507 regu

2197 1513 2297 1566 lam
2360 1517 2851 1584 quadringentorum
2908 1525 3166 1588 octoginta
3223 1540 3529 1590 annorum,
3601 1534 3752 1593 quasi

2195 1617 2518 1658 ccccccuxx
2567 1608 2670 1660 sint
2718 1609 2884 1676 potius
2923 1611 3070 1674 juxta
3121 1613 3358 1678 quaedam
3408 1621 3752 1682 exemtum-ia

2195 1696 2547 1762 computandi,
2579 1697 2689 1762 ipse
2716 1713 2878 1751 sacrae
2901 1701 3156 1766 interpres
3181 1702 3412 1756 historia:
3443 1721 3566 1755 rum
3597 1706 3754 1758 Tem-

552 1767 806 1861 n’diﬁcvn-e
826 1795 969 1860 ciept'l
1001 1795 1200 1846 domum
1227 1767 1442 1843 Domino
1467 1789 1583 1856 (ΙΙΙ
1612 1789 1844 1859 Reg.w).
1879 1789 2088 1856 Repltca
2126 1767 2169 1824 Β
2201 1799 2378 1852 porum
2410 1786 2593 1838 librum
2625 1789 2927 1841 transferret
2951 1791 2998 1841 in
3031 1790 3271 1843 Latinum
3295 1832 3308 1854 ,
3352 1793 3436 1843 ubi
3482 1794 3546 1844 ad
3584 1809 3749 1862 quar-

553 1901 677 1952 ergo
719 1885 955 1939 Judicum
1008 1895 1278 1952 tempora,
1308 1892 1362 1936 et
1402 1883 1638 1935 invenies
1681 1883 1798 1949 quia
1845 1881 2092 1934 Otltnniel

551 1977 887 2042 quadraginta
919 1975 1065 2026 anuis
1093 1975 1341 2041 populum
1375 1971 1591 2032 rexerit,
1624 1972 1772 2024 Aliud
1804 1973 2090 2034 octoginta,

554 2067 786 2119 Debbora
814 2064 1181 2131 quadraginta,
1211 2062 1422 2116 Cedeon
1452 2061 1796 2129 quadraginta
1817 2101 1833 2124 ,
1879 2062 2093 2114 Abime-

557 2155 668 2206 leclt
701 2155 884 2216 tribus,
912 2152 1074 2204 Tltola
1104 2152 1283 2222 viginti
1315 2152 1501 2210 tribus,
1524 2149 1632 2201 .lair
1657 2149 1838 2216 viginti
1866 2147 2092 2211 duobus,

550 2245 734 2312 Jepltte
761 2261 873 2310 sex,
905 2241 1136 2296 Abessan
1166 2251 1391 2306 septetn,
1432 2239 1647 2307 llajalon
1676 2237 1886 2301 decem,
1920 2239 2004 2303 qui
2043 2237 2094 2290 in

554 2337 894 2400 Septuaginta
937 2331 1310 2397 lnterpretiluts
1363 2345 1462 2381 non
1519 2329 1784 2381 invenitur
1823 2349 1834 2379 :
1877 2328 2091 2381 Labdon

551 2435 701 2486 octo,
754 2421 953 2475 Sansun
1007 2420 1219 2486 viginti,
1267 2419 1378 2472 lleli
1411 2420 1750 2487 quadraginta
1775 2461 1788 2478 ,
1819 2421 1904 2485 qui
1939 2419 2092 2471 simul

548 2506 744 2568 faciunt
767 2524 930 2562 annos
959 2520 1222 2563 trecentos
1245 2508 1452 2575 triginta
1483 2523 1670 2560 novem
1704 2525 1713 2557 :
1743 2509 1936 2569 quibus
1960 2507 2094 2558 adde

548 2606 884 2671 quadraginta
919 2617 1084 2654 annos
1115 2599 1317 2652 itineris
1339 2599 1404 2650 ab
1428 2597 1676 2666 lEgypto,
1700 2597 1918 2649 totidem
1946 2599 2090 2664 regni

553 2695 734 2754 David,
762 2703 984 2760 quatuor
1010 2689 1322 2750 Salomonis,
1356 2690 1483 2739 tiunt
1512 2686 1878 2754 quadringenti
1908 2685 2087 2752 viginti

550 2793 703 2837 tres:
738 2782 908 2832 minus
954 2779 1198 2831 videlicet
1245 2777 1617 2844 quinquaginta
1665 2787 1716 2827 ct
1765 2788 1968 2841 septem
1997 2813 2012 2838 ,
2062 2789 2091 2826 a

547 2871 938 2939 quadringentis
963 2870 1245 2935 octoginta,
1270 2868 1356 2933 qui
1383 2880 1604 2919 necesse
1647 2873 1728 2918 est
1767 2865 1890 2916 anni
1935 2865 2089 2930 quin-

548 2962 790 3030 quaginta
821 2968 1021 3027 septem
1057 2956 1247 3010 residui
1295 2955 1484 3018 Josue,
1519 2953 1796 3015 Samuelis,
1830 2961 1882 3004 et
1922 2952 2091 3005 Saulis

550 3053 871 3118 temporibus
919 3049 1319 3116 expenduntur;
1349 3046 1440 3099 sed
1473 3045 1735 3113 quomodo
1761 3044 2084 3108 dividamus,

2199 1883 2306 1926 tum
2333 1875 2624 1929 Salomonis
2661 1891 2853 1930 amuun
2905 1881 3246 1945 perveniens,
3280 1883 3539 1947 templum
3581 1885 3640 1935 iu
3689 1899 3750 1936 eo

2197 1962 2454 2016 :cdilicare
2480 1975 2703 2030 carptum
2735 1969 2973 2020 meminit
3002 1985 3013 2020 :
3049 1971 3228 2021 statim
3253 1973 3333 2023 vel
3363 1986 3426 2024 ex
3460 1987 3556 2024 sua
3589 1989 3748 2040 quam

2199 2049 2247 2100 itt
2295 2050 2577 2118 Scripturis
2625 2060 2820 2106 sanctis
2867 2055 3152 2124 collegerat
3199 2060 3526 2122 eruditione,
3561 2065 3648 2114 vel
3687 2079 3749 2116 ex

2196 2141 2501 2193 auctoritate
2529 2142 2704 2195 Cra-ca
2729 2145 3018 2212 subjunsit,
3045 2157 3100 2200 et
3127 2151 3197 2201 ait
3223 2166 3234 2198 :
3260 2149 3541 2218 Colligitur
3565 2137 3746 2204 autem

2197 2241 2350 2280 omne
2378 2238 2580 2297 tempus
2609 2247 2637 2282 a
2664 2233 2858 2301 Moyse,
2883 2245 2936 2287 et
2959 2250 3174 2303 egressu
3197 2238 3357 2290 Israel
3387 2255 3450 2291 ex
3488 2240 3744 2309 £gypto,

2196 2333 2358 2384 usque
2382 2321 2443 2370 ad
2472 2333 2776 2386 prmsetttetn
2803 2337 3014 2387 annum,
3042 2328 3164 2376 anni
3188 2324 3308 2380 480.
3332 2328 3474 2382 Sane
3499 2346 3568 2384 ne
3589 2347 3745 2396 quem

2197 2410 2367 2460 turbet
2397 2410 2444 2458 in
2476 2421 2721 2475 computo
2750 2415 2995 2479 temporis
3014 2451 3028 2476 ,
3062 2416 3198 2481 quod
3249 2417 3509 2483 scriptum
3533 2459 3547 2480 ,
3578 2430 3636 2472 et
3663 2436 3744 2473 so-

2198 2517 2283 2569 pra
2317 2503 2864 2577 memoravimus_quia
2895 2519 2957 2557 ex
3005 2521 3106 2574 qua
3155 2507 3241 2560 de
3287 2512 3483 2562 mansit
3521 2526 3642 2565 ares
3695 2514 3741 2565 in

2195 2591 2593 2656 tiariathiarint,
2650 2593 2978 2661 multiplicati
3027 2606 3148 2650 sunt
3193 2599 3350 2651 dies:
3386 2612 3505 2652 erat
3552 2601 3746 2668 quippe

2193 2679 2298 2744 jam
2327 2694 2492 2732 annus
2515 2680 2584 2734 9.0
2603 2721 2618 2745 ,
2650 2693 2702 2733 et
2729 2684 2983 2750 requievit
3012 2687 3182 2738 omnis
3210 2689 3398 2740 dutuus
3432 2687 3593 2743 Israel
3629 2703 3740 2756 post

2197 2769 2495 2824 Dominum.
2530 2771 2701 2823 Potest
2728 2772 2824 2825 iste
2849 2773 3140 2829 versiculus
3167 2777 3324 2830 etiam
3355 2780 3434 2832 sic
3455 2781 3656 2843 accipi,
3688 2793 3738 2838 υι

2196 2875 2296 2912 non
2323 2875 2496 2912 arcam
2525 2862 2572 2913 in
2596 2861 2952 2916 Cariatbiarim
2979 2865 3156 2932 viginti
3179 2868 3330 2918 annis
3363 2871 3629 2922 mansi-se
3650 2871 3740 2922 de-

2195 2953 2385 3018 signet,
2416 2953 2505 3005 sed
2533 2968 2598 3007 ex
2624 2969 2721 3021 qua
2762 2954 2849 3008 die
2881 2947 3214 3009 mansit'arca
3260 2958 3486 3022 ibidem,
3533 2975 3736 3012 omnem

2195 3038 2405 3091 domum
2436 3041 2589 3094 Israel
2621 3043 2940 3110 requiet‘isse
2988 3054 3103 3111 post
3144 3044 3417 3099 Dominum
3447 3048 3520 3100 20
3559 3051 3734 3111 anuis.

552 3144 822 3210 Scriptura
850 3155 953 3194 non
983 3139 1156 3191 docet.
1187 3137 1241 3190 Si
1270 3139 1635 3191 chi-(micorum
1677 3146 1956 3201 sequentes
1987 3153 2089 3189 nu-
2119 3106 2166 3168 c
2195 3131 2505 3198 gaudentem
2554 3132 2796 3186 nimirum
2835 3133 2902 3188 de
2951 3146 3244 3190 revertente
3272 3138 3337 3189 ad
3377 3154 3457 3201 se,
3490 3155 3646 3206 quam
3674 3142 3737 3192 ob

552 3234 868 3294 ctoritatem,
895 3227 1072 3298 viginti
1097 3234 1323 3294 quatuor
1349 3224 1521 3277 Josuze
1547 3225 1750 3288 damus,
1780 3225 1957 3278 czeteri
1986 3226 2092 3279 duo

552 3323 669 3389 plus
699 3335 850 3387 quam
876 3319 1080 3386 triginta
1106 3333 1206 3370 non
1237 3316 1450 3370 habent.
1474 3316 1527 3370 Si
1557 3315 1697 3369 Sauli
1728 3316 2091 3384 quadraginta,

551 3411 738 3479 reliqui
769 3411 871 3463 duo
900 3425 1002 3462 non
1033 3408 1254 3474 amplius
1279 3421 1439 3476 quam
1460 3407 1640 3462 decem
1676 3403 1865 3460 habent
1914 3415 1968 3459 et
2013 3422 2094 3458 se-

553 3511 718 3570 ptem.
754 3501 888 3568 Ergo
910 3508 966 3551 ut
991 3501 1158 3566 aliqua
1190 3497 1458 3566 quaatendi
1487 3498 1566 3550 via
1609 3509 1778 3563 pateat
1805 3538 1819 3561 ,
1852 3498 2093 3552 revolva-

552 3604 668 3641 mus
697 3589 891 3651 scripta
921 3587 1151 3654 Joseplti,
1182 3588 1271 3654 qui
1301 3585 1503 3639 doctior
1549 3589 1613 3640 ile
1647 3588 1833 3640 talibus
1854 3626 1868 3650 ,
1903 3599 2091 3654 pra-ter

551 3679 726 3731 divina
756 3677 980 3741 eloquia,
1003 3690 1155 3728 nemo
1178 3676 1328 3728 facile
1361 3677 1637 3744 repet-itur.
1675 3677 1740 3728 Et
1761 3677 2086 3730 inveniemus

551 3769 606 3822 in
633 3768 1012 3834 Autiquitatum
1043 3764 1156 3830 ejus
1182 3764 1420 3829 historia,
1445 3763 1603 3816 .losue
1635 3780 1749 3816 xxvi
1775 3767 1954 3826 annis,
1989 3766 2089 3818 Sa-

553 3859 689 3911 muel
721 3856 1018 3918 duodecim,
1061 3855 1183 3907 Saul
1217 3854 1394 3920 viginti
1449 3855 1633 3920 populo
1688 3853 1954 3921 pra-fuisse
2011 3873 2092 3908 re-

549 3949 750 4018 gendo;
775 3947 858 4014 qui
891 3943 1041 3996 simul
1074 3943 1204 3995 linttt
1241 3942 1361 3994 anni
1398 3943 1768 4009 quinquaginta
1811 3953 1948 3996 octo.
1985 3943 2087 3996 Nec

549 4040 762 4092 turbare
790 4053 885 4091 nos
912 4035 1066 4088 debet
1097 4049 1258 4087 unum
1287 4034 1423 4099 quod
1451 4034 1838 4100 quadringentis
1868 4044 1919 4086 et
1943 4043 2088 4085 octo-

549 4129 690 4197 ginta
721 4137 981 4194 superest.
1010 4124 1133 4179 Sive
1159 4124 1297 4177 enitu
1319 4123 1587 4185 Scriptura
1612 4136 1756 4175 more
1786 4137 1881 4173 suo
1910 4123 2086 4188 ptena-

547 4216 679 4270 I’iam
698 4229 953 4266 summam
976 4227 1196 4279 ponens,
1223 4226 1380 4263 unum
1403 4211 1538 4277 quod
1563 4223 1852 4273 supererat,
1872 4213 2087 4264 minime

547 4305 752 4358 curavit
791 4303 984 4355 addere
1010 4318 1022 4351 :
1054 4301 1186 4362 sive,
1211 4300 1348 4366 quod
1379 4298 1542 4365 magis
1573 4299 1821 4352 credibile
1846 4311 1922 4351 est
1949 4338 1962 4360 ,
1995 4299 2086 4351 Jo-

2197 3234 2404 3288 peccata
2433 3223 2782 3291 perdiderant,
2814 3239 2953 3287 arca,
2982 3235 3155 3292 postea
3194 3241 3322 3278 veto
3347 3234 3736 3282 communicau-

2198 3325 2296 3364 tem
2329 3314 2552 3380 peccatis
2580 3312 2704 3367 Saul
2752 3314 2996 3380 paulatim
3050 3316 3116 3366 ab
3151 3314 3273 3380 ejus
3300 3317 3543 3369 deviasse
3585 3319 3734 3371 testi-

2194 3403 2312 3470 giis.
2340 3404 2439 3453 Sed
2483 3405 2601 3470 quia
2623 3407 2683 3454 in
2713 3405 2922 3472 longum
2962 3403 3197 3468 pratulio
3243 3409 3543 3471 processit,
3577 3410 3732 3475 ipsum

2189 3491 2295 3560 jam
2327 3509 2478 3560 quem
2510 3502 2807 3546 scrutamur
2839 3494 3072 3546 ordinem
3101 3493 3389 3559 Scriptura:
3417 3497 3729 3550 indicemus.

2693 3650 2914 3704 CAPUT
2953 3649 3232 3705 PRIMUU.

2193 3738 2470 3794 Sent-scena
2501 3741 2708 3796 Samuel
2733 3744 2870 3810 ponit
2903 3742 2956 3806 ﬁl
2977 3758 3030 3794 os
3049 3758 3166 3794 suus
3190 3745 3398 3811 judices
3424 3743 3607 3798 Israel.
3641 3746 3724 3797 Ve-

2260 3827 2368 3862 rum
2387 3814 2464 3861 his
2487 3830 2516 3861 a
2537 3817 2613 3863 vta
2635 3825 2767 3873 recta
2793 3813 3080 3864 declinanttt
3095 3827 3175 3871 us,
3208 3817 3432 3875 postulat
3453 3817 3545 3866 sibi
3577 3832 3728 3878 regem

2259 3882 2518 3940 constitui;
2561 3884 2641 3952 cui
2671 3883 2982 3952 praecipiente
3020 3879 3236 3952 Duntino
3272 3889 3364 3950 με
3410 3889 3542 3952 regis
3588 3900 3728 3948 expo-

2261 3965 2402 4009 nens,
2433 3964 2521 3999 nec
2545 3950 2615 4000 sic
2640 3965 2748 4000 eum
2777 3950 2928 4000 valuit
2965 3965 2997 3998 α
3022 3949 3238 4012 pessima
3265 3949 3546 4004 intentione
3589 3956 3728 4004 reda-

2259 4032 2386 4068 cere.

2259 4131 2302 4200 (l
2333 4131 2459 4199 Reg.
2492 4131 2632 4196 vm.)
2661 4129 2874 4184 Factum
2904 4141 2974 4185 est
3011 4143 3178 4185 autem
3207 4150 3320 4186 cum
3363 4137 3612 4188 senuisse!
3636 4135 3728 4189 Sl-

2188 4226 2338 4290 ntuel,
2368 4234 2491 4288 elc.,
2523 4237 2684 4290 usque
2723 4224 2784 4274 ad
2822 4221 2986 4274 Vada:
3015 4225 3358 4291 unusquisque
3396 4227 3449 4276 in
3490 4227 3722 4277 civitatem

2187 4331 2348 4377 suam,
2377 4323 2478 4367 etc.
2508 4307 2635 4367 Htcc'
2660 4314 2812 4366 lectio
2833 4314 2895 4365 ad
2922 4314 3144 4366 litteram
3169 4323 3223 4365 et
3245 4313 3417 4380 typice
3444 4313 3720 4374 intellecta,

547 4395 696 4461 sephi
743 4394 1000 4460 scriptura
1052 4405 1142 4458 per
1197 4391 1447 4442 incuriam
1502 4388 1666 4456 longa:
1714 4389 1880 4439 atatis
1930 4405 2084 4440 unum

2197 4392 2357 4472 arguit
2385 4420 2476 4458 eos
2507 4407 2588 4471 qui
2619 4405 2858 4471 neglecto
2897 4405 3032 4472 quod
3065 4403 3313 4470 didicere
3356 4414 3542 4455 sancto
3591 4418 3725 4454 man—

547 4485 758 4547 alicubi,
783 4494 837 4535 ut
869 4483 977 4536 fieri
1009 4483 1162 4545 solet,
1187 4480 1396 4548 adjecit.
1424 4481 1602 4549 Neque
1632 4481 1769 4532 enim
1802 4480 2082 4546 putandum

545 4584 645 4637 est,
681 4575 731 4625 in
761 4573 1045 4638 Scriptura:
1095 4581 1287 4623 sanctae
1331 4571 1516 4622 litteris
1560 4583 1798 4621 errorem
1851 4571 2089 4632 factum;

547 4676 664 4729 qum
689 4677 804 4713 cum
835 4662 1007 4713 multis
1034 4660 1146 4712 aliis
1180 4661 1229 4712 in
1263 4660 1393 4712 locis
1440 4658 1671 4711 dissonet
1693 4702 1706 4723 ,
1753 4660 1802 4711 in
1849 4659 2088 4711 Judicum

549 4762 720 4804 tamen
751 4754 979 4818 catalogo
1010 4767 1101 4818 per
1127 4753 1300 4804 omnia
1349 4751 1482 4802 inter
1528 4749 1834 4802 llebraicam
1891 4752 2088 4801 verita-

547 4850 652 4893 tetn
707 4847 762 4891 et
788 4840 1122 4908 Septuaginta
1155 4842 1496 4906 Iuterpretum
1544 4839 1825 4892 editionem
1869 4851 2092 4888 concor-

545 4931 655 4993 dat,
684 4933 872 4995 [ιι-πιεῖ-
899 4943 1059 4979 ιιιιιιιη
1089 4929 1341 4980 duntaxat
1364 4929 1603 4996 llajalon,
1634 4942 1788 4997 quem
1820 4928 1893 4979 illi
1923 4926 2090 4977 fundi-

548 5035 630 5075 tus
649 5022 896 5076 omisere.
912 5019 1073 5086 Cujus
1094 5019 1311 5073 emissio
1334 5021 1634 5074 Graecorum
1656 5020 2083 5087 cltronograpltot

547 5114 816 5168 Hebraica:
845 5111 1078 5164 veritatis
1124 5111 1315 5164 illSCiOs
1361 5113 1551 5180 coegit,
1596 5113 1846 5180 neglectis
1875 5113 2087 5180 Joseplii

547 5203 778 5266 scriptis,
808 5201 1037 5254 Samueli
1063 5209 1116 5254 et
1138 5202 1279 5254 Sauli
1309 5203 1647 5269 quadraginta
1688 5219 1852 5256 annos
1872 5245 1884 5265 ,
1913 5202 2087 5256 Josmc

546 5292 726 5354 viginti
757 5299 955 5356 septem
983 5291 1126 5345 dare.
1157 5291 1414 5346 Videbant
1442 5295 1580 5346 enim
1610 5309 1666 5346 se
1691 5294 1842 5347 aliter
1872 5295 1933 5346 ad
1959 5309 2086 5362 qua~

546 5379 1012 5444 diingentesimum
1036 5382 1409 5446 octogesimum
1438 5397 1905 5450 nutnerum,quetn
1935 5383 2086 5434 annis

548 5466 768 5532 llajalon
813 5467 1101 5535 adimplere
1159 5483 1260 5520 non
1317 5482 1604 5535 noverant,
1657 5473 1929 5537 pervenire
1983 5489 2085 5525 non

550 5567 739 5618 posse:
767 5555 953 5619 quibus
978 5572 1035 5609 se
1066 5571 1255 5608 novem
1289 5573 1451 5612 annos
1491 5563 1738 5629 Jusepho,
1761 5578 1912 5632 quem
1949 5564 2088 5630 igno-

549 5654 665 5694 rare
698 5643 990 5696 nullatenus
1034 5657 1303 5712 poterant,
1337 5659 1390 5698 ut
1437 5651 1717 5717 Scriptura:
1767 5656 2079 5717 satisﬂeret,

2195 4496 2334 4556 dato,
2365 4494 2473 4546 suis
2503 4496 2671 4560 potius
2696 4492 3131 4559 concupiscentiis
3161 4493 3362 4545 servire
3391 4493 3718 4545 desiderant:

2191 4581 2326 4647 quod
2359 4590 2410 4633 et
2435 4581 2501 4634 de
2527 4581 2768 4634 omnibus
2797 4580 2925 4634 falso
2958 4581 3195 4634 fidelibus
3222 4585 3558 4648 generaliter,
3586 4593 3636 4636 et
3659 4583 3719 4634 de

2192 4671 2384 4724 Judmis
2409 4670 2704 4739 specialiter
2739 4670 2901 4736 accipi
2936 4681 3136 4734 ||0leSl;
3165 4672 3249 4737 qui
3283 4673 3362 4724 vel
3404 4683 3522 4738 post
3568 4673 3720 4723 incar-

2193 4761 2452 4813 nationem
2492 4759 2806 4824 Salvatoris,
2854 4761 3043 4814 terreni
3077 4760 3220 4828 regni
3249 4775 3453 4820 amore,
3484 4761 3718 4824 pradica~

2193 4859 2331 4903 tores
2360 4856 2499 4916 regni
2533 4852 2761 4904 cmlestis
2789 4851 3106 4916 abjecerint;
3140 4852 3217 4902 vel
3249 4850 3578 4914 quietissima
3606 4851 3715 4902 olim

2193 4941 2440 5007 regimina
2478 4940 2710 5006 judicum
2763 4942 3115 5002 fastidientes,
3161 4949 3343 4990 contra
3375 4937 3578 4989 Domini
3607 4953 3716 4990 con-

2191 5032 2377 5082 sultum
2403 5031 2590 5096 regalis
2611 5030 2802 5096 sceptri
2827 5026 3099 5095 gestierint
3126 5035 3405 5079 stemmate
3436 5026 3713 5081 sublimen.

2193 5116 2403 5168 Factum
2436 5125 2514 5166 est
2544 5127 2752 5176 autem,
2786 5115 2977 5181 inquit,
3010 5127 3127 5164 cum
3174 5112 3439 5166 senuisset
3484 5113 3711 5174 δεινά.

2193 5205 2363 5273 posuit
2395 5204 2527 5256 Iilios
2551 5217 2672 5256 suos
2698 5205 2898 5270 iudices
2929 5202 3104 5254 Israel.
3134 5201 3336 5255 Nomen
3368 5199 3714 5257 senectutiaiu

2191 5295 2474 5360 Scripturis
2510 5309 2626 5346 cum
2647 5296 2865 5360 mystice
2899 5299 3127 5360 ponitur,
3151 5294 3438 5361 aliquando
3457 5294 3710 5346 mat-riu-

2194 5395 2293 5439 tem
2317 5386 2585 5452 sapientia:
2609 5396 2660 5438 et
2679 5385 2883 5439 consilii
2901 5385 3238 5452 gravitatem.
3263 5385 3547 5450 aliquando
3563 5393 3712 5448 torp-

2190 5494 2298 5531 ri-m
2325 5477 2512 5530 mentis
2541 5477 2606 5528 ab
2631 5476 2888 5529 inchoatas
2912 5473 3116 5526 virtutis
3145 5487 3284 5525 novo
3308 5473 3517 5525 fervore
3541 5470 3710 5536 lrigen-

2187 5580 2290 5620 tem
2319 5567 2593 5634 signiﬁcat.
2615 5568 2820 5620 Dictum
2842 5575 2919 5617 est
2941 5565 3077 5616 enim
3101 5563 3167 5616 de
3183 5563 3335 5630 justo
3357 5562 3557 5628 judice,
3580 5560 3709 5625 cujus

2188 5658 2367 5714 f;i!lrre
2419 5659 2722 5729 sapientiam
2772 5656 2906 5711 nulla
2949 5653 3273 5709 conscientia
3331 5648 3622 5718 prculet:
3655 5647 3708 5701 Et
