3916 6260
270 394 371 453 549

789 393 851 448 IN
892 390 1259 449 SAMUELEM
1303 390 1720 456 PROPIIETAH
1754 389 2179 446 ALLEGORICA
2223 387 2600 445 EXPOSl'l‘lO.
2630 415 2693 428 —
2725 389 2847 443 LIB.
2892 389 2951 442 ll.

3378 385 3480 445 650

273 510 531 576 Antiquus
564 507 775 560 Dierum
807 504 962 558 sedit.
998 504 1194 556 Dictum
1217 512 1269 555 et
1291 502 1358 555 de
1381 499 1631 554 membris
1659 499 1817 561 illius,
1851 502 1894 556 Α
1924 497 2066 551 tione
2097 497 2350 551 adversus
2372 497 2644 550 Dominum
2672 507 2814 563 sunt,
2842 507 2895 550 et
2923 497 3178 552 adversus
3209 495 3478 552 Christum

273 597 453 651 tiloria
536 594 991 656 senum,canities,
1025 592 1075 644 id
1109 600 1219 656 est,
1270 591 1540 658 sapientia.-
1566 591 1824 657 gravitas.

274 691 404 744 Item
435 688 486 742 in
518 687 706 740 malam
736 694 964 754 partem,
987 683 1076 748 qui
1101 697 1159 734 se
1181 696 1209 733 a
1238 680 1486 734 virtutum
1538 679 1713 733 studio
1753 690 1830 730 te-

276 774 495 846 peScere
520 783 776 837 senserat,
805 773 878 826 ait
906 789 917 824 :
943 769 1225 824 Inveterasi
1245 771 1377 823 inter
1397 785 1567 821 omnes
1591 769 1827 820 inimicos

277 883 414 919 meas
438 863 654 935 (Psalm.
681 863 775 931 vi).
810 860 1028 929 Utrique
1053 871 1228 913 autem
1277 860 1408 927 parti
1440 868 1608 931 potest
1637 872 1828 911 conve-

284 955 399 1007 nire
431 953 567 1019 quod
599 952 814 1016 dicitur,
839 950 1045 1003 Samuel
1076 952 1378 1010 senescens,
1414 948 1550 998 ﬁlios
1591 961 1714 998 suos
1741 959 1833 1011 po-

280 1046 453 1098 suisse
503 1042 710 1111 judiccs
757 1040 942 1096 Israel.
972 1040 1104 1093 Cum
1155 1039 1295 1091 enim
1345 1036 1474 1090 ﬁdes
1523 1046 1576 1088 et
1618 1034 1834 1088 dilectio

282 1134 474 1189 Christi
504 1132 765 1187 senuisset
793 1130 931 1199 apud
974 1129 1218 1191 ludteos,
1253 1124 1564 1192 quibusdam
1595 1123 1836 1176 videlicet

284 1223 354 1276 ab
374 1237 440 1275 .ca
471 1223 616 1289 quasi
649 1220 926 1288 grandaeva
954 1224 1224 1269 senectute
1253 1213 1596 1283 frigentibus;
1622 1212 1837 1279 quibus-

286 1315 409 1367 dam
436 1329 560 1366 vero
609 1313 659 1363 in
698 1325 756 1363 ea
789 1308 936 1376 quasi
967 1308 1117 1374 longa
1166 1304 1275 1373 jam
1310 1305 1519 1356 vivendi
1559 1309 1840 1354 consuetu-

294 1403 420 1457 dine
445 1402 684 1462 maturis,
722 1397 893 1465 posuit
922 1397 1036 1462 ipse
1061 1393 1311 1447 Dominus
1337 1391 1551 1444 Scribas
1575 1400 1630 1443 et
1661 1389 1842 1442 Phari-

294 1504 432 1544 saaos
454 1487 690 1557 ejusdem
719 1485 891 1554 populi
909 1481 1236 1552 judice-nqui
1261 1489 1454 1534 rectam
1475 1481 1590 1533 vita:
1609 1480 1741 1531 viam
1764 1477 1842 1529 die

291 1592 563 1642 scernere,
590 1585 644 1630 et
661 1575 881 1630 subditis
903 1572 1182 1628 ostendere
1203 1571 1458 1624 deberent
1484 1587 1496 1621 :
1521 1569 1608 1649 qui
1637 1566 1726 1619 ﬁlii
1751 1566 1842 1619 Dei

292 1672 415 1725 dicti
447 1677 586 1734 sunt,
628 1668 774 1736 juxta
805 1667 905 1718 hoc
933 1665 1070 1731 quod
1103 1663 1212 1730 ipse
1237 1661 1368 1714 dixit
1388 1660 1438 1712 in
1458 1658 1650 1722 Exod.,
1678 1654 1846 1710 Filius

293 1776 432 1813 meus
477 1755 837 1829 primogenitus
882 1752 1048 1807 Israel
1077 1751 1271 1821 (Exod.
1304 1749 1404 1819 Iv).
1430 1749 1582 1815 Quod
1613 1763 1762 1817 tuque
1791 1757 1848 1801 ut

293 1827 491 1904 dictum
520 1854 619 1905 est.
652 1855 705 1898 et
732 1843 796 1897 ad
828 1843 1203 1920 incarnationis
1246 1839 1546 1903 dominica,
1587 1850 1641 1892 et
1687 1839 1751 1892 ad
1784 1853 1842 1892 ea
1878 1827 1925 1887 B

297 1947 469 2009 pOlesl
490 1948 723 2005 tempora
751 1933 959 2002 referri,
985 1948 1103 1986 cum
1130 1936 1352 2000 primum
1370 1931 1423 1984 in
1442 1930 1626 1984 eodem
1651 1929 1845 1997 p0pulo

295 2028 639 2097 suntjudices
665 2041 696 2079 a
720 2025 941 2079 Domino
974 2023 1150 2090 positi.
1181 2023 1309 2075 Nam
1336 2030 1390 2075 et
1413 2033 1555 2082 tunc,
1587 2018 1847 2089 pr0plteta

297 2129 598 2180 attestante,
636 2113 811 2170 Iustus
849 2130 910 2168 es
936 2113 1037 2182 ﬁde
1082 2112 1268 2165 uiuebat
1322 2110 1544 2180 (Habar.
1587 2113 1668 2179 ιι).
1703 2110 1848 2162 llaud

297 2208 510 2260 dubium
537 2205 659 2274 quin
692 2205 778 2258 illa
804 2203 868 2256 de
890 2217 990 2272 qua
1017 2203 1199 2257 Petrus
1228 2205 1305 2254 ait
1333 2218 1345 2252 :
1380 2201 1482 2254 Sed
1515 2216 1602 2266 per
1629 2201 1851 2267 gratiam

300 2293 506 2349 Domini
535 2294 661 2348 Jesu
688 2295 936 2349 credimus
962 2292 1152 2346 salvari
1172 2332 1189 2359 ,
1231 2290 1650 2361 quemadmodum
1679 2300 1724 2342 et
1773 2288 1853 2341 illi

299 2391 438 2459 (Act.
469 2389 582 2457 xtl).
1428 2447 1438 2453 _

375 2461 600 2551 Fuitque
626 2494 804 2532 nomen
833 2477 930 2546 filii
957 2479 1066 2548 ejus
1097 2475 1415 2546 printogeniti
1442 2472 1579 2536 Joel,
1611 2482 1716 2526 etc.
1743 2471 1855 2526 Joel

305 2571 560 2640 incipiens
593 2570 672 2624 vel
705 2569 799 2622 luit
827 2567 957 2633 Dei,
987 2567 1115 2621 Abia
1148 2577 1294 2635 pater
1324 2566 1418 2619 fuit
1439 2604 1452 2628 ,
1482 2564 1742 2618 Bersabee
1764 2577 1858 2631 pu—

307 2673 421 2716 teus
445 2660 728 2729 jurainenti
759 2659 970 2711 dicitur.
1003 2657 1097 2710 Est
1133 2657 1271 2711 enim
1303 2657 1484 2720 locus,
1514 2657 1650 2709 sicut
1688 2665 1740 2708 et
1766 2668 1860 2707 llO-

307 2753 449 2805 mine
478 2747 662 2817 probat
684 2789 697 2811 ,
735 2747 817 2800 ubi
850 2739 1116 2800 Abraham
1147 2749 1197 2800 et
1231 2745 1370 2799 Isaac
1397 2744 1564 2799 foedus
1588 2759 1705 2797 cum
1737 2744 1860 2796 Abi-

307 2836 512 2891 melccli
561 2841 804 2904 pepigere
839 2832 1108 2903 iurantes;
1153 2833 1451 2903 signiﬁcans
1479 2833 1676 2885 fontem
1714 2833 1862 2886 illum

308 2926 596 2980 salutarem
625 2967 640 2992 ,
671 2924 761 2992 qui
789 2924 1242 2978 ciicunicisionem
1281 2933 1334 2976 et
1370 2923 1678 2991 praeputium
1706 2925 1859 2975 unius

312 3015 651 3083 ejusdemque
681 3009 804 3067 ﬁdei
837 3023 988 3080 pacto
1017 3013 1242 3067 sociatos
1273 3013 1465 3073 abluit;
1501 3014 1551 3065 in
1583 3028 1685 3081 quo
1730 3028 1862 3080 pra:-

315 3108 402 3160 lati
429 3106 618 3160 fratres
642 3115 763 3158 sunt
787 3105 990 3173 judices
1017 3104 1147 3172 dati,
1174 3111 1229 3155 ut
1251 3102 1371 3156 vitae
1401 3103 1640 3156 videlicet
1665 3100 1860 3160 fontem

311 3207 368 3252 et
397 3197 731 3264 propinarent
760 3202 812 3247 et
846 3193 1111 3247 biberent.
1159 3192 1348 3247 Verum
1380 3194 1451 3245 illi
1479 3193 1627 3263 juxta
1673 3209 1862 3248 nomen

313 3301 468 3342 suum
515 3286 823 3351 incipientes
868 3283 1122 3357 quidem,
1173 3285 1263 3338 sed
1318 3299 1418 3337 non
1474 3294 1867 3352 perseverantes

315 3371 483 3443 usque
504 3372 554 3426 in
580 3372 760 3438 ﬁnem,
786 3382 842 3425 ut
863 3371 992 3424 salvi
1023 3372 1228 3435 ﬁerent,
1253 3381 1306 3425 et
1326 3373 1589 3440 quondam
1615 3373 1680 3425 ad
1705 3373 1867 3426 Deum

313 3466 676 3534 pertinentes,
709 3473 1021 3533 patrumque
1077 3465 1254 3532 p0puli
1298 3463 1551 3516 vocabulo
1579 3462 1722 3532 digni
1752 3465 1868 3519 exi-

313 3567 539 3624 stentes,
569 3572 705 3611 nunc
737 3557 791 3610 in
823 3556 1084 3609 contraria
1111 3555 1462 3621 mutati,.suas
1491 3556 1794 3609 traditiones
1818 3561 1893 3607 et‘

311 3649 520 3701 scelera
549 3645 650 3714 legi
681 3648 876 3714 pariter
903 3656 955 3698 et
977 3643 1160 3712 gratias
1192 3644 1485 3710 praetulere.
1516 3643 1617 3697 Sed
1648 3651 1701 3695 et
1731 3645 1873 3709 quis-

313 3749 422 3803 que
448 3745 685 3787 nostrum
714 3747 832 3786 cum
861 3745 890 3784 a
937 3732 1191 3799 spiritttali
1219 3747 1371 3801 quam
1415 3732 1754 3784 inchoaverat
1781 3746 1869 3785 ar-

316 3824 450 3878 dore
493 3831 798 3890 tepescens,
843 3821 1054 3874 inﬁmos
1085 3831 1425 3890 terrenosque
1461 3823 1718 3889 cogitatus
1765 3836 1873 3875 sua:

321 3911 487 3964 tneiiti
533 3909 828 3976 praeponit,
869 3910 1019 3976 quasi
1069 3909 1356 3978 degeneres
1408 3910 1544 3962 ﬁlios
1591 3924 1874 3966 senescens

318 4002 537 4057 Samuel
571 4000 829 4054 Bersabee
853 3999 1074 4069 judices.
1097 4001 1280 4053 statuit
1307 4017 1321 4065 ;
1357 4002 1472 4070 quia
1505 4002 1677 4070 pravis
1705 4002 1874 4057 sensi-

320 4093 426 4150 bus
455 4092 694 4160 baptismi
721 4089 1029 4160 mysterium
1059 4091 1253 4144 subdit.
1490 4084 1492 4087 ’

398 4180 696 4252 Congregati
719 4196 841 4250 ergo
870 4182 1085 4249 universi
1114 4184 1327 4252 majores
1361 4193 1480 4234 natu
1511 4181 1697 4247 Israel,
1727 4199 1876 4237 vene-

321 4280 448 4326 runt
474 4273 542 4323 ad
572 4270 860 4324 Samuelem
878 4299 907 4336 ,-
925 4280 1027 4322 etc.
1056 4269 1365 4339 Coogregati
1399 4287 1524 4338 ergo
1553 4282 1668 4338 post
1696 4287 1879 4325 ascen-

324 4363 530 4415 sionem
562 4359 771 4420 Domini
795 4357 1028 4411 universi
1053 4359 1277 4424 majores
1300 4344 1423 4413 natu
1449 4361 1675 4412 carnalis
1698 4360 1876 4423 Israel,

1929 589 2046 653 ejus
2085 588 2262 640 locuti.

2002 676 2370 747 Displicuitque
2396 691 2559 729 sermo
2587 679 2638 729 in
2668 677 2823 729 oculis
2853 676 3131 741 Samuelis,
3161 688 3263 733 etc.
3298 677 3487 748 Displi-

1931 767 2042 820 cuit
2102 766 2383 818 inﬁdelitas
2436 766 2736 819 ludmornm
2800 781 2976 820 coram
3044 767 3384 835 prudentibus
3438 770 3488 822 in
3533 779 3540 830 ζ

1932 856 2164 920 Christo,
2192 858 2276 923 qui
2306 864 2429 908 sunt
2455 857 2592 909 oculi
2621 854 2897 918 Ecclesia,
2926 871 2990 910 eo
3018 858 3156 925 quod
3187 852 3365 912 inﬁma
3390 874 3486 925 pro

1935 947 2156 1000 Summis
2180 946 2446 1017 eligendo,
2479 947 2775 1000 nescientes
2803 946 2925 1000 licet
2953 946 3178 1000 Domino
3203 947 3488 1014 dixissent,

1939 1036 2008 1088 Dii
2036 1035 2188 1091 nobis
2213 1050 2432 1103 regnum
2464 1045 2735 1100 terrestre,
2764 1035 2903 1104 quod
2935 1051 3031 1089 nos
3058 1045 3310 1104 perpetuo
3334 1035 3481 1089 dam-

1939 1139 2044 1182 net.
2076 1129 2205 1184 Nam
2242 1130 2312 1184 de
2343 1129 2565 1193 cmlesti,
2599 1128 2738 1197 quod
2776 1129 3091 1196 pauperibus
3135 1129 3322 1198 spiritu
3368 1145 3491 1196 pro-

1941 1221 2134 1288 mittis,
2166 1220 2318 1274 nobis
2355 1234 2479 1274 cura
2510 1234 2611 1272 non
2654 1227 2754 1286 est,
2787 1232 2882 1287 pro
2921 1233 3144 1287 quorum
3177 1220 3346 1274 salute
3368 1259 3384 1280 ,
3415 1220 3493 1272 vel
3531 1284 3534 1287 ‘

1940 1328 2034 1381 per
2061 1326 2119 1366 se
2145 1311 2280 1379 ipse,
2311 1312 2436 1364 dum
2463 1319 2605 1364 esset
2632 1310 2684 1362 in
2716 1309 2936 1374 mundo,
2974 1310 3056 1363 vel
3089 1324 3181 1377 per
3207 1323 3299 1363 sua
3330 1325 3497 1363 mem-

1941 1402 2058 1467 bra,
2089 1400 2250 1454 etiam
2277 1409 2395 1468 post
2413 1399 2777 1454 ascensionem
2809 1399 3013 1452 Patrem
3041 1397 3283 1451 Salvator
3302 1397 3491 1451 oravit.

1942 1490 2090 1556 Quod
2115 1489 2182 1543 de
2202 1488 2367 1542 Jacob
2395 1488 2557 1540 fratre
2581 1485 2792 1540 Domini
2822 1486 3122 1554 specialiter
3143 1486 3497 1538 ecclesiastica

1945 1588 2123 1634 narrat
2145 1578 2360 1632 historia
2389 1574 2600 1643 (Matth.
2626 1577 2703 1643 v),
2727 1577 2847 1642 quia
2873 1583 3013 1627 tanta
3037 1574 3282 1627 videlicet
3301 1572 3497 1627 instan-

1949 1669 2017 1721 tia
2057 1676 2111 1721 et
2149 1655 2426 1720 'sednlitate
2473 1678 2570 1730 pro
2611 1665 2805 1731 populo
2849 1663 3106 1730 templum
3154 1662 3495 1728 frequentans

1947 1757 2319 1826 supplicaverit
2342 1798 2356 1822 ,
2391 1762 2448 1807 ut
2478 1754 2800 1807 camelorum
2846 1751 3095 1806 duritiam
3132 1752 3352 1806 traxisse
3385 1749 3499 1818 ejus

1949 1862 2114 1917 genua
2143 1846 2506 1900 crederentur.
3181 1907 3184 1910 ἢ

2020 1936 2162 1990 Dixit
2191 1948 2356 1988 autem
2386 1931 2632 1986 Dominus
2660 1931 2726 1984 ad
2758 1930 2968 1985 Samuel
3006 1945 3024 1983 :
3055 1930 3190 1983 Audi
3219 1945 3382 1984 vocem
3413 1945 3505 1996 po-

1951 2027 2059 2092 puli
2080 2064 2096 2089 ,
2143 2035 2247 2078 etc.
2295 2024 2371 2078 Ne
2402 2023 2623 2077 liberum
2653 2023 2734 2077 eis
2775 2023 2927 2076 tollas
2953 2022 3225 2076 arbitrium
3251 2060 3269 2085 ,
3316 2021 3410 2074 sed
3439 2020 3502 2072 da

1954 2123 2263 2182 potestatein
2297 2113 2431 2166 ﬁlios
2457 2114 2547 2166 Dei
2580 2111 2717 2179 ﬁeri,
2750 2113 2832 2166 bis
2860 2111 2944 2180 qui
2973 2111 3192 2166 credere
3220 2109 3504 2170 noluerint.

1955 2221 2051 2276 nec
2095 2215 2144 2258 te
2191 2206 2370 2258 doleas
2415 2204 2753 2271 opprobrium
2799 2205 3065 2258 hominum
3113 2218 3178 2256 ex
3213 2202 3509 2270 abjectione

1957 2296 2123 2363 plebis
2167 2295 2433 2350 et'l'ectum.
2474 2294 2587 2348 Non
2619 2294 2758 2346 enim
2810 2303 2951 2346 tuam
2996 2293 3288 2347 doctrinam
3319 2296 3372 2346 in
3415 2295 3510 2346 ho.

1956 2388 2098 2438 mine
2125 2385 2408 2450 loquentis,
2436 2383 2529 2437 sed
2561 2398 2728 2437 meam
2760 2382 2994 2436 divinam
3026 2396 3120 2450 per
3161 2393 3212 2437 te
3241 2387 3508 2449 operantis

1956 2475 2262 2541 abjecerunt
2284 2510 2300 2537 ,
2345 2488 2411 2528 ne
2438 2487 2655 2542 regnum
2687 2472 2787 2526 illis
2814 2472 2866 2525 in
2895 2479 2946 2525 te
2984 2472 3207 2525 tribuam
3237 2472 3514 2539 sempiter-

1960 2579 2106 2618 unm.
2137 2563 2230 2617 (lui
2272 2563 2445 2618 simile
2483 2573 2563 2617 est
2606 2562 2745 2631 quod
2774 2563 2888 2630 ipse
2915 2561 3048 2616 dixit
3077 2577 3091 2614 :
3127 2561 3244 2614 Mea
3285 2561 3514 2614 doctrina

1961 2669 2060 2706 non
2088 2661 2159 2706 est
2187 2668 2297 2705 mea
2323 2692 2337 2717 ,
2367 2653 2454 2705 sed
2481 2652 2591 2721 ejus
2614 2651 2702 2721 qui
2730 2652 2860 2703 misit
2891 2666 2967 2703 me
2995 2650 3171 2720 (Joan.
3206 2651 3319 2715 vit).

2033 2742 2175 2797 Sicut
2197 2742 2566 2809 dercliquerunt
2592 2757 2688 2805 me,
2713 2750 2762 2793 et
2783 2742 3056 2794 servierunt
3076 2740 3172 2793 diis
3190 2739 3390 2807 alienis,
3411 2748 3515 2793 etc.

1962 2830 2018 2883 ld
2048 2839 2146 2893 est,
2178 2833 2255 2883 sic
2284 2830 2651 2895 derelinquent
2692 2831 2848 2883 etiam
2891 2831 3110 2895 gratiam
3145 2829 3436 2898 Evangelii,
3465 2838 3520 2882 et

1964 2920 2196 2973 servient
2223 2921 2406 2991 alienis
2436 2934 2464 2970 a
2497 2920 2603 2972 Deo
2631 2919 2996 2972 traditionibus
3025 2919 3158 2972 suis.

2039 3007 2188 3061 Nunc
2214 3024 2328 3077 ergo
2354 3010 2476 3060 audi
2504 3024 2673 3061 vocem
2697 3024 2889 3073 eorum,
2919 3017 3023 3061 etc.
3052 3008 3116 3060 Et
3143 3007 3254 3062 haec
3281 3021 3519 3074 persona:

1972 3100 2141 3153 Patris
2191 3099 2255 3151 ad
2312 3097 2349 3151 F
2357 3099 2500 3152 ilium
2561 3100 2820 3166 loquentis
2868 3098 3137 3166 aptissime
3186 3106 3518 3166 congruunt,

1973 3190 2179 3243 Dimitte
2208 3205 2287 3242 eos
2317 3190 2594 3242 secundum
2619 3189 2868 3241 desideria
2895 3189 3061 3241 cordis
3089 3204 3280 3254 eorum,
3309 3197 3352 3240 et
3383 3189 3520 3240 ibunt

1974 3284 2028 3340 in
2059 3281 2393 3336 voluntatibus
2421 3282 2525 3335 suis
2547 3280 2766 3350 (Psalm.
2799 3281 2984 3349 Lxxx).
3012 3280 3378 3334 Verumtamen
3401 3295 3526 3334 cou-

1975 3385 2170 3430 testare
2199 3390 2290 3430 eos
2320 3391 2412 3442 per
2442 3375 2802 3442 Evangelium,
2835 3383 2887 3428 et
2917 3374 3110 3440 praedic
3139 3375 3217 3427 eis
3241 3375 3362 3444 quid
3396 3383 3527 3429 tetu-

1975 3467 2168 3534 poralis
2204 3465 2434 3518 miseria:
2462 3477 2640 3517 coram
2670 3463 2972 3516 hominibus
2996 3503 3010 3526 ,
3039 3464 3163 3533 quid
3206 3465 3390 3518 :eterni
3419 3464 3524 3518 tor-

1975 3555 2136 3608 menti
2163 3553 2296 3622 apud
2325 3551 2519 3605 inferos
2542 3551 2746 3621 passuri
2768 3553 2894 3618 sint,
2917 3553 3003 3621 qui
3028 3553 3270 3621 neglecto
3287 3555 3526 3618 servitio,

1976 3642 2058 3695 vel
2091 3641 2260 3710 potius
2293 3642 2536 3696 libertate
2575 3641 2868 3710 spirituali,
2918 3642 3130 3696 sibimet
3162 3659 3382 3711 regnare
3421 3661 3529 3697 nia-

1976 3731 2190 3795 luerint,
2228 3730 2410 3784 dicens
2439 3745 2456 3783 :
2492 3731 2624 3796 Quia
2649 3732 2848 3784 uenient
2890 3732 2994 3784 dies
3023 3731 3075 3784 in
3119 3742 3165 3785 le
3185 3770 3204 3799 ,
3235 3740 3281 3785 et
3308 3736 3528 3786 circum-

1980 3823 2173 3876 dabunt
2202 3820 2456 3894 t‘inimici
2484 3821 2556 3872 tui
2584 3818 2736 3883 uallo,
2765 3830 2812 3873 et
2836 3819 3142 3885 relinquetur
3166 3820 3343 3896 demus
3368 3832 3531 3875 vestra

1978 3914 2175 3966 deserta
2205 3911 2354 3980 (Luc.
2390 3911 2472 3978 x),
2505 3920 2557 3964 et
2584 3921 2770 3964 caetera
2805 3911 2949 3974 talia,
2975 3922 3028 3964 et
3056 3913 3128 3963 ait
3153 3928 3165 3962 :

2049 4004 2163 4062 Hoc
2207 4005 2299 4057 erit
2334 4007 2424 4073 jus
2462 4005 2594 4072 regis
2633 4005 2721 4072 qui
2749 4005 3084 4072 imperaturus
3121 4009 3193 4056 est
3232 4003 3385 4056 vobis.
3418 4001 3530 4055 Non

1979 4093 2149 4160 qualis
2191 4106 2307 4143 esse
2351 4091 2538 4142 debeat
2583 4090 2883 4142 mnderatus
2926 4105 2988 4142 ac
3029 4090 3199 4156 justus
3250 4095 3535 4158 imperator

1985 4185 2237 4252 exponit,
2267 4183 2415 4251 cujus
2443 4191 2498 4236 et
2527 4183 2578 4237 in
2625 4183 2888 4252 plerisque
2916 4183 3203 4251 Scriptura:
3231 4195 3428 4242 saneta:
3457 4185 3533 4238 lo-

1985 4275 2084 4341 cis,
2116 4285 2168 4328 et
2199 4276 2424 4328 maxime
2464 4276 2516 4327 in
2549 4275 2954 4328 Deutcronomio
2985 4274 3235 4343 perfectio
3274 4274 3492 4335 docetur
3519 4294 3534 4341 ;

1992 4365 2085 4416 sed
2111 4364 2280 4430 potius
2305 4372 2478 4418 rector
2504 4364 2796 4431 improbus,
2824 4380 2850 4415 a
2875 4379 2979 4433 quo
3019 4367 3327 4420 austeritate
3359 4365 3534 4433 subje-

328 4459 588 4505 venerunt
613 4449 865 4525 adversus
892 4462 1012 4500 eum
1034 4491 1049 4515 ,
1083 4447 1441 4517 miseruntque
1471 4452 1735 4517 regionem
1768 4461 1881 4518 post
1916 4481 1963 4538 υ
1989 4468 2102 4510 ctos
2128 4460 2199 4509 sit
2221 4470 2567 4525 oppressurus
2597 4455 2801 4507 intimat
2825 4495 2840 4517 ,
2872 4465 2928 4507 ut
2956 4469 3046 4522 per
3093 4455 3203 4506 haec
3231 4455 3475 4522 populum
3505 4470 3534 4507 a

324 4555 475 4602 eum,
504 4537 556 4591 in
605 4537 879 4603 Ramatha,
912 4537 962 4590 id
996 4547 1097 4602 est,
1126 4539 1174 4591 in
1207 4537 1534 4593 altitudinem
1586 4544 1837 4596 caelorum
1865 4585 1879 4608 ,

328 4631 420 4685 ubi
450 4644 607 4682 omne
634 4628 884 4698 quidquid
909 4626 1088 4683 ‘terris
1116 4627 1336 4697 agimus,
1369 4631 1510 4685 dicto
1536 4633 1690 4685 citius
1718 4643 1882 4700 patet,

327 4720 603 4773 dicentes:
630 4718 882 4772 Nolumus
901 4718 1036 4790 hunc
1055 4733 1266 4788 regnare
1289 4736 1440 4785 super
1462 4737 1551 4773 nos
1575 4721 1722 4792 (Luc.
1751 4723 1879 4790 six);

334 4821 388 4864 et
416 4812 563 4880 quasi
592 4812 656 4864 ad
690 4826 810 4865 eum
840 4825 993 4878 quem
1038 4811 1201 4864 latere
1231 4811 1302 4864 nil
1350 4821 1550 4878 potest,
1594 4813 1749 4867 verba
1801 4813 1888 4866 la-

330 4904 535 4955 cientes
562 4920 572 4952 :
600 4899 751 4963 Ecce,
785 4901 1046 4967 inquiunt,
1080 4895 1169 4951 tua
1196 4901 1248 4953 in
1278 4901 1418 4954 nobis
1449 4902 1573 4969 ﬁdes
1595 4913 1639 4955 et
1668 4906 1885 4959 Charitas

334 4993 516 5051 senuit,
549 5001 593 5044 et
622 4991 718 5056 ﬁlii
745 5005 868 5055 quos
914 4989 1140 5041 enutristi
1166 5001 1211 5041 et
1248 4991 1503 5054 esaltasti,
1548 4994 1644 5060 ipsi
1688 5009 1885 5063 spreve-

333 5089 454 5130 runt
482 5090 528 5131 te
557 5076 687 5146 (Isti.
720 5081 780 5147 I).
824 5078 1103 5131 Maluimus
1137 5093 1282 5146 ergo,
1317 5083 1481 5133 instar
1508 5083 1743 5149 gentium
1774 5099 1888 5150 qna:

336 5176 528 5224 triton
552 5177 827 5236 noverunt,
855 5179 909 5223 et
940 5184 1216 5238 regnorum
1243 5185 1359 5237 qua:
1384 5185 1484 5222 non
1516 5172 1890 5226 invocaverunt

336 5248 532 5338 nomen
562 5265 729 5338 tuum,
756 5261 990 5312 extranei
1036 5274 1065 5311 a
1097 5269 1183 5312 tuo
1207 5260 1395 5338 ducatu
1445 5275 1659 5314 manere
1686 5304 1701 5328 ,
1733 5278 1887 5329 quam

334 5335 446 5403 ut":
473 5334 802 5415 gratiafrﬁdei
829 5358 882 5401 ot
911 5363 1071 5418 regno
1097 5359 1150 5404 et
1176 5334 1356 5418 patria:
1388 5350 1607 5413 privari.
1639 5351 1694 5406 Si
1721 5354 1886 5414 enim,

333 5429 534 5493 relicta
557 5437 828 5505 pugnandi
857 5426 1101 5508 solertia,
1126 5455 1310 5492 omnes
1340 5449 1442 5494 tute
1482 5441 1736 5498 doetrinre
1762 5446 1889 5498 sim-

337 5526 627 5595 plicitatem
671 5525 971 5595 sequimur,
1023 5535 1236 5584 venient
1285 5528 1544 5594 Romani,
1599 5542 1654 5586 et
1707 5536 1892 5588 tollent

339 5624 580 5670 nostrum
613 5625 664 5667 et
706 5615 875 5671 locum
906 5627 960 5671 et
986 5631 1217 5688 gentem.
1273 5619 1393 5672 ΙΙωο
1421 5620 1630 5686 quidem
1677 5623 1843 5678 Judaei
1876 5667 1889 5687 ,

338 5708 584 5777 quamvis
613 5722 715 5763 non
749 5723 873 5762 voce
897 5749 910 5772 ,
946 5722 1119 5766 mente
1149 5722 1320 5766 tamen
1366 5712 1608 5782 rcproba,
1636 5724 1694 5788 et
1724 5717 1893 5772 inten-

1989 4547 2241 4617 pertinaci
2290 4548 2432 4600 illius
2479 4548 2734 4614 petitione
2784 4555 3017 4600 revocet.
3072 4545 3314 4612 Figurate
3360 4556 3535 4600 autem

1985 4649 2103 4704 qua:
2131 4635 2196 4688 de
2225 4634 2363 4687 bono
2402 4650 2520 4702 rege
2561 4627 3114 4702 Scripturailoquitur,
3158 4634 3424 4688 Christum
3460 4638 3537 4690 si-

1989 4723 2238 4792 gniﬁcant
2283 4741 2295 4774 :
2344 4723 2411 4777 de
2454 4739 2559 4792 quo
2601 4725 2700 4778 sub
2746 4724 3045 4778 Salomonis
3089 4723 3265 4792 specie
3307 4728 3536 4791 canitur,

1988 4813 2165 4880 Deus,
2198 4814 2446 4881 judicium
2487 4823 2632 4868 tuum
2677 4818 2780 4884 regi
2818 4815 2883 4868 da
2927 4812 3146 4881 (Psalm.
3197 4818 3364 4885 uxr).
3412 4817 3540 4883 Quae

1989 4917 2162 4958 autem
2193 4906 2260 4958 de
2288 4905 2448 4968 malo,
2481 4904 2746 4958 diabolum
2767 4943 2781 4967 ,
2817 4906 2964 4974 juxta
2993 4905 3120 4960 illud
3149 4907 3496 4962 Ecclesiastici
3519 4946 3538 4972 ,

1993 4999 2102 5050 lies:
2129 4999 2367 5066 insipiens
2398 4997 2569 5065 perdet
2601 4998 2843 5068 populum
2866 5015 3012 5052 suum
3034 4998 3198 5070 (Eccl.
3226 4999 3308 5067 ι).
3337 5000 3401 5053 Et
3427 5014 3538 5054 me-

1991 5091 2110 5152 rito,
2140 5090 2258 5155 quia
2291 5089 2379 5140 ille
2409 5087 2624 5152 diaboli,
2658 5091 2758 5144 iste
2786 5087 3078 5143 membrum
3108 5100 3183 5164 est
3217 5087 3432 5146 Christi.

2070 5176 2233 5230 Filios
2261 5186 2448 5231 vestros
2476 5178 2640 5243 tollet,
2670 5188 2772 5233 etc.
2806 5177 2931 5244 Vos,
2962 5179 3148 5244 inquit,
3179 5177 3233 5230 in
3262 5177 3539 5231 libertatem

1991 5265 2150 5318 uocati
2175 5266 2295 5326 estis
2319 5306 2332 5329 ,
2363 5267 2543 5334 fratres
2562 5306 2578 5327 .
2625 5277 2816 5319 tantum
2843 5282 2904 5319 ne
2931 5265 3205 5319 libertatem
3237 5266 3290 5318 in
3321 5269 3540 5319 occasio-

1992 5375 2100 5412 nem
2137 5357 2300 5410 carnis
2343 5361 2468 5413 detis
2493 5357 2634 5426 (Gal.
2678 5374 2756 5427 vi.
2798 5359 2897 5424 Qui
2945 5372 3070 5426 ergo
3109 5359 3400 5412 libertatem
3425 5399 3442 5424 ,
3487 5362 3537 5414 in

1995 5463 2148 5513 quam
2170 5459 2387 5502 vocatus
2411 5457 2514 5510 est,
2539 5449 2589 5500 in
2613 5449 2944 5501 occasionem
2970 5450 3144 5501 carnis
3165 5448 3389 5514 dederit,
3418 5466 3536 5505 mox

1991 5535 2135 5602 impii
2158 5537 2316 5604 regis,
2342 5535 2443 5589 hoc
2473 5545 2554 5589 ost
2576 5535 2793 5603 diaboli,
2816 5519 2974 5603 quem
3005 5550 3098 5602 pro
3122 5535 3335 5590 domino
3355 5540 3538 5606 elegit.

1995 5635 2252 5696 potestate
2275 5627 2575 5694 depressus,
2608 5635 2796 5681 cuncta
2825 5627 2937 5679 haec
2965 5641 3082 5694 qua:
3113 5627 3324 5680 Samuel
3350 5627 3540 5695 populo

1995 5720 2149 5788 dixit,
2181 5715 2232 5774 ie
2265 5721 2439 5786 seipso
2467 5721 2675 5775 servitia
2708 5719 2970 5775 tolerabit.
3004 5720 3132 5775 Nam
3171 5721 3316 5790 quod
3345 5723 3409 5774 de
3437 5736 3538 5772 uno
