3916 6260
277 422 309 472 3
680 420 743 475 IN
784 416 1152 474 SAMUELEM
1197 413 1606 471 PROPllETAll
1653 387 2076 466 .\l.l.l'lCORlC:\
2125 369 2500 461 EXPDSITIO.
2545 437 2609 446 -—
2652 405 2778 458 LIB.
2822 404 2882 458 ll.

3329 400 3431 456 53:8

204 535 341 584 etde
371 531 744 584 necessitatibus
771 545 944 581 eorum
970 528 1195 580 liberabit
1243 544 1325 580 eos
1373 525 1594 592 (Ps-olm.
1643 521 1768 587 ett).
1806 526 1848 580 Α
1883 518 2150 587 mysteriis
2177 515 2393 574 alludit;
2426 515 2535 570 sive
2570 513 2731 566 Deum
2775 513 2983 566 Patrem
3025 511 3286 580 designet,
3343 529 3437 568 seu

207 622 454 684 Alioquin
480 619 699 672 audiunt
723 620 788 670 ab
819 620 1059 686 apostolo
1086 617 1282 670 Jacobo
1313 634 1325 666 :
1359 615 1556 672 Petitis.
1587 622 1636 666 et
1670 629 1769 663 non

175 712 459 773 ,nccipitis,
491 725 548 762 eo
574 710 706 777 quod
729 709 857 760 male
887 710 1067 776 petatis
1097 708 1232 774 (Act.
1265 704 1356 771 tv).
1388 705 1490 758 Sed
1514 713 1561 756 et
1589 702 1772 754 morali

207 800 496 862 intellectu,
533 799 746 853 dimcile
775 813 834 851 ac
864 812 986 851 sero
1017 800 1302 850 vincuntur
1339 796 1484 860 vitia,
1518 791 1634 862 quin
1685 792 1773 844 diu

205 891 432 945 libenter
475 893 734 957 jacentes,
787 904 950 957 seque
997 895 1187 956 sponte
1232 896 1627 955 prosternentes
1678 899 1776 951 op-

207 993 532 1051 pre~seraut.
1317 1041 1319 1045 η

282 1074 460 1126 Noluit
493 1083 658 1125 autem
709 1073 924 1141 populus
967 1072 1145 1126 audire
1192 1086 1360 1124 vocent
1393 1070 1642 1133 Samuel,
1671 1079 1773 1122 etc.

201 1164 335 1234 plhrc
366 1163 716 1216 iuobedientis
748 1163 924 1230 populi
977 1163 1266 1230 pertinacia
1298 1176 1478 1231 regem
1531 1176 1624 1226 pro
1671 1160 1769 1212 Do-

209 1257 356 1309 mino
383 1255 675 1324 postulans,
712 1270 815 1306 non
848 1256 898 1305 in
925 1253 1042 1307 solo
1075 1254 1368 1319 praedicata:
1416 1254 1598 1319 gratiae
1640 1262 1776 1303 tem-

209 1361 363 1412 pom,
396 1344 487 1397 sed
518 1345 676 1397 etiam
724 1356 846 1396 ante
876 1341 1157 1395 dominicae
1205 1342 1582 1395 incarnationis
1638 1341 1778 1393 erle-

209 1438 357 1488 brata
390 1436 660 1505 mysteria,
695 1436 1050 1504 Synagogam,
1108 1435 1211 1486 imo
1245 1443 1412 1485 totum
1461 1446 1590 1499 pene
1614 1445 1779 1501 genus

210 1525 523 1589 humanum,
553 1527 618 1578 ab
657 1525 770 1593 ipso
799 1526 965 1592 primo
994 1532 1234 1592 parente,
1269 1523 1480 1590 quando
1516 1520 1778 1589 serpentis

209 1619 372 1670 verba
407 1617 512 1670 Deo
545 1618 840 1685 preposuit,
872 1616 1167 1684 occupavit.
1199 1616 1422 1682 Semper
1468 1615 1606 1667 enim
1652 1628 1779 1666 cou-

210 1716 448 1760 tnruaces
503 1708 698 1775 quique
749 1707 968 1760 liberum
1023 1721 1132 1759 sua:
1173 1706 1485 1783 voluntatis.
1505 1705 1776 1757 arbitrium

208 1796 404 1848 divina:
437 1799 619 1863 gratiae
647 1796 857 1850 student
900 1795 1167 1849 anteferre
1216 1795 1480 1864 regimini.
1537 1795 1603 1846 At
1654 1809 1777 1846 vero

1880 607 2067 668 David,
2111 605 2190 658 vel
2217 605 2508 668 Abraham,
2543 611 2643 664 ,aut
2690 603 2852 655 alium
2883 603 3174 672 quemlibet
3206 614 3438 670 patrum,

1882 712 1946 752 ex
1978 697 2171 764 quibus
2199 695 2441 749 Christus
2471 696 2760 746 secundum
2789 708 3023 747 carnem.
3059 692 3187 746 Nam
3220 701 3274 747 et
3301 694 3432 748 dura

1880 799 1960 842 est
1987 797 2174 841 natura
2204 787 2312 851 illa,
2346 799 2463 853 quzc
2488 798 2591 836 non
2623 784 2793 836 solum
2827 782 2962 836 vinci
2991 785 3069 836 vel
3102 783 3316 843 mutari.
3342 785 3436 836 sed

1882 895 1978 932 nec
2009 879 2072 930 ah
2096 877 2194 929 ulla
2227 883 2401 944 potest
2430 874 2640 928 condita
2667 885 2848 925 natura
2872 873 3270 940 comprehendi.
3299 872 3437 926 Dura

1879 979 1959 1022 est
1985 983 2080 1035 per
2108 967 2495 1018 districtionem
2524 962 2704 1030 judicii
2736 962 2994 1030 reprobis,
3027 978 3143 1031 qua:
3190 979 3282 1030 per
3320 980 3440 1033 gra-

1881 1059 2004 1108 tiam
2037 1057 2414 1110 misericordia
2441 1071 2486 1108 st
2560 1054 2619 1108 'is
2651 1065 2728 1108 est
2765 1055 2938 1108 hOnis.
2991 1056 3084 1108 llic
3129 1057 3324 1109 etenim
3373 1056 3442 1110 de

1881 1145 1960 1198 his
1989 1146 2178 1199 dicitur
2211 1162 2222 1196 :
2260 1144 2421 1207 Quam
2446 1146 2493 1196 bc
2638 1143 2771 1196 Deus
2803 1143 2991 1208 Israel,
3048 1145 3126 1198 his
3168 1145 3257 1213 qui
3307 1156 3443 1198 recto

1879 1246 1994 1288 sunt
2015 1238 2163 1287 corde
2219 1234 2439 1304 (Psalm.
2487 1246 2650 1304 xxtt)!
2699 1234 2773 1288 De
2802 1235 2904 1289 illis
2935 1247 3107 1288 autem
3139 1255 3148 1288 :
3183 1234 3443 1303 Omnipo-

1881 1335 1989 1377 tens
2031 1342 2190 1378 sermo
2237 1335 2351 1377 tuus
2375 1326 2436 1378 de
2473 1326 2595 1378 caelo
2625 1343 2654 1377 a
2695 1326 2945 1395 regalibus
2991 1327 3211 1380 sedibus.
3270 1328 3441 1380 Durus

1882 1413 2153 1464 debellator
2195 1413 2246 1464 in
2280 1414 2493 1465 medium
2518 1413 2800 1465 exterminii
2840 1423 3020 1466 terram
3065 1416 3351 1483 prosilivit;
3397 1427 3442 1468 et

1881 1505 2009 1555 dura
2030 1505 2084 1555 in
2108 1505 2469 1557 tentationibus
2490 1513 2604 1556 sunt
2630 1505 2803 1571 ﬁdelia
2832 1507 2984 1558 corda
3010 1509 3250 1560 bonorum
3283 1508 3437 1575 (Sap.

1883 1594 2052 1660 xvtn),
2117 1596 2310 1662 quibus
2358 1594 2454 1646 sub
2505 1593 2799 1647 Ezechielis
2845 1595 3022 1662 specie
3051 1597 3237 1649 dicitur
3270 1614 3281 1647 :
3316 1596 3444 1651 Ecce

1882 1686 1999 1735 dedi
2026 1686 2207 1751 faciem
2238 1693 2375 1735 tuam
2402 1683 2726 1735 valentiorem
2755 1686 2978 1753 [aciebus
3007 1701 3195 1751 eorum,
3228 1699 3273 1739 et
3304 1691 3443 1754 Iron.

1880 1783 1974 1826 lem
2008 1786 2145 1826 tuam
2193 1775 2449 1824 duriorem
2500 1773 2751 1838 frontibus
2796 1790 2990 1842 eorum,
3040 1786 3092 1828 ut
3123 1779 3442 1831 admirantem

209 1885 334 1936 boni
366 1860 557 1952 quique
591 1885 682 1937 lilii
717 1885 888 1938 Patris
939 1886 1183 1952 Spiritum
1231 1860 1590 1952 supplicantes
1612 1924 1626 1947 ,
1673 1899 1774 1935 non

1890 1875 1925 1917 et
1953 1865 2143 1916 silicem
2176 1864 2292 1916 dedi
2313 1880 2426 1915 eum
2451 1860 2660 1932 (Ezeclt.
2697 1863 2795 1933 ιιι).

209 1981 447 2024 nostrum
482 1988 720 2040 regnum,
777 1988 946 2041 neque
980 1973 1226 2026 voluntas
1259 1982 1471 2034 nostra;
1507 1973 1622 2033 sed.
1668 1973 1778 2023 Ad-

208 2062 393 2124 veuiat,
426 2063 690 2130 inquiunt,
717 2079 925 2132 regnum
973 2075 1110 2114 tuum
1137 2077 1153 2125 ;
1186 2063 1273 2129 ﬁat
1302 2063 1531 2114 voluntas
1581 2071 1687 2127 tua,
1711 2063 1782 2114 si-

205 2160 292 2203 cut
317 2153 366 2202 in
391 2153 512 2203 caelo
539 2162 585 2204 et
617 2154 666 2204 in
691 2163 821 2205 terra
853 2151 1067 2221 (Matth.
1107 2157 1204 2219 vt).

281 2240 348 2293 Et
376 2243 444 2293 ait
494 2241 772 2296 Samuel...
838 2242 1003 2294 Vndut
1050 2245 1388 2313 unusquisque
1430 2247 1480 2299 in
1531 2249 1781 2301 civitatem

207 2347 375 2384 suam.
414 2331 579 2386 Docet
618 2343 669 2386 et
724 2333 879 2386 hodie
929 2347 1106 2386 sermo
1167 2335 1398 2396 divinus,
1439 2348 1780 2391 contumaces

203 2433 453 2488 quosque
483 2435 544 2474 ac
569 2421 792 2474 rebelles
824 2431 1004 2474 contra
1038 2420 1318 2474 Dominum
1346 2438 1373 2473 a
1405 2425 1616 2491 publico
1654 2440 1782 2480 con-

209 2511 465 2563 tentionis
487 2511 767 2564 obstinata:
798 2511 1032 2580 singulos
1063 2513 1128 2563 ad
1159 2513 1361 2565 curiam
1391 2517 1568 2569 redire
1603 2527 1782 2582 pecto-

209 2601 314 2662 ris;
344 2611 604 2667 quatenus
634 2615 729 2654 suo
778 2615 955 2655 secum
1002 2600 1226 2670 quisque
1273 2602 1486 2657 liberior
1517 2604 1566 2657 iri
1599 2606 1780 2669 corde,

205 2691 336 2758 quid
387 2701 571 2744 contra
621 2693 945 2746 voluntatem
979 2704 1116 2745 tuam
1145 2708 1390 2761 supernae
1419 2695 1783 2762 dispositionis

206 2782 650 2849 gesserinquatn
700 2795 729 2833 a
775 2781 1018 2835 districto
1059 2782 1238 2849 judice
1266 2786 1588 2837 sententiam
1621 2767 1782 2840 exce-

211 2882 396 2939 pturus
422 2871 510 2938 sit,
552 2871 770 2926 sedulus
793 2874 1056 2939 exploret.
1110 2917 1115 2922 .

284 2959 324 3026 (l
361 2959 488 3028 Reg.
524 2964 622 3029 ix.)
650 2959 713 3011 Et
740 2972 846 3013 erat
874 2962 946 3011 vir
994 2959 1057 3012 de
1097 2957 1367 3030 Benjamin
1415 2963 1615 3014 nomine
1671 2961 1776 3028 Cis,

209 3049 352 3117 ﬁlius
382 3049 545 3112 Abiel,
583 3061 686 3102 etc.
722 3049 778 3102 ln
809 3064 871 3102 eo
901 3048 1114 3116 quidem
1165 3049 1289 3103 Saul
1339 3064 1454 3115 rex,
1505 3050 1647 3118 quod
1689 3066 1783 3119 pro

209 3138 425 3190 Samuel
451 3137 650 3190 electus
676 3151 705 3189 tt
734 3139 928 3205 populo
956 3138 1238 3205 pertinaci,
1279 3137 1418 3206 quod
1451 3139 1613 3194 David
1658 3155 1777 3208 per-

210 3240 449 3292 secutus,
474 3228 562 3296 qui
585 3237 772 3282 caetera
802 3227 994 3298 Πιιεῑιὴ
1024 3240 1104 3282 est
1140 3240 1410 3298 operatus,
1443 3233 1583 3301 quod
1627 3248 1776 3288 eum.

210 3318 337 3372 dem
371 3318 532 3370 David
565 3317 878 3386 reprobatus
910 3327 962 3372 et
1014 3331 1255 3374 mortuus
1301 3323 1449 3390 regni
1494 3337 1778 3378 successo-

210 3425 326 3464 rem
356 3409 561 3478 accepit
596 3426 607 3460 :
641 3409 946 3464 .ludreorum
978 3410 1240 3481 signiﬁcat
1288 3413 1567 3479 malitiam,
1613 3416 1781 3485 quiet

213 3499 502 3568 praphetas
529 3511 580 3553 et
615 3500 895 3554 Dominum
927 3512 1242 3570 spernentes
1270 3518 1332 3558 ac
1375 3517 1778 3578 persequentes,

212 3588 534 3656 sibimetipsi
594 3605 818 3659 regnare
874 3593 1215 3657 maluerunt;
1277 3593 1504 3662 ideoque
1557 3612 1776 3665 regnum

217 3679 428 3741 Dei,de
452 3694 556 3747 quo
587 3681 742 3745 eiecti
788 3689 934 3746 sunt,
991 3682 1321 3749 reliquerunt
1374 3687 1515 3753 genti
1567 3687 1777 3741 facienti
1851 3741 1856 3747 ,

171 3799 181 3806 -
212 3769 419 3824 [ructus
447 3771 580 3837 ejus.
611 3771 666 3822 In
691 3784 755 3823 eo
784 3784 910 3824 vero
934 3771 1070 3839 quod
1109 3771 1229 3825 oleo
1251 3782 1436 3827 sancto
1464 3787 1649 3830 unctus
1673 3787 1774 3842 est,

212 3864 358 3930 quod
406 3862 563 3915 Israel
615 3863 680 3915 ab
735 3861 890 3916 hoste
943 3863 1202 3931 salvabat,
1263 3865 1540 3921 Dominum
1574 3867 1774 3922 Jesutn

214 3951 483 4007 Christum
537 3951 756 4021 ﬁgurate
806 3952 1102 4006 denuntiat.
1147 3959 1318 4022 Atque
1365 3956 1483 4010 ideo
1542 3972 1777 4025 praesens

216 4044 402 4108 lecno,
429 4058 545 4111 quae
574 4043 813 4111 ejusdem
843 4043 1016 4096 Saulis
1045 4045 1304 4098 ttnctionis
1337 4045 1630 4112 historiam,
1658 4050 1775 4102 nul.

215 4133 327 4185 lam
380 4148 502 4185 vero
533 4144 710 4186 notam
755 4134 1186 4201 reprehensionis
1234 4137 1465 4190 continet
1501 4156 1546 4213 ε.
1575 4139 1778 4194 Domini

215 4224 510 4277 Salvatoris
540 4237 755 4292 prapter
794 4242 889 4279 nos
926 4227 1191 4291 homines,
1224 4240 1276 4281 et
1305 4239 1517 4297 propter
1544 4241 1777 4284 nostram

216 4314 468 4377 salutem,
499 4316 900 4368 descensionem
935 4317 1000 4369 de
1030 4319 1187 4381 caelo,
1223 4319 1470 4386 baptismi
1497 4335 1524 4370 a
1572 4317 1776 4380 Joanne

217 4403 638 4466 susceptionem,
675 4413 972 4470 caeteraque
1001 4405 1413 4472 dispensationis
1442 4408 1775 4473 temporarias

1952 1952 2220 2004 Perierant
2251 1963 2413 2004 autem
2451 1954 2606 2003 asina!
2631 1951 2713 2005 Cis
2741 1953 2898 2018 putris
2931 1952 3079 2018 Saul,
3111 1963 3213 2008 etc.
3259 1952 3438 2008 I’eric-

1881 2053 2000 2097 rant
2026 2046 2214 2095 animze
2247 2043 2403 2095 etiam
2435 2042 2499 2095 ad
2534 2041 2696 2094 Deum
2746 2043 2953 2097 Patrem
3014 2043 3218 2097 Domini
3270 2047 3435 2098 nostri

1882 2132 2008 2187 Jesu
2042 2133 2236 2187 Christi
2270 2134 2627 2202 pertinentes;
2684 2134 2802 2201 quia
2850 2137 2946 2188 etsi
2996 2135 3137 2204 juste
3180 2138 3438 2200 viverent,

1884 2225 2190 2291 priusquam
2244 2224 2332 2277 Dei
2385 2223 2547 2276 Filius
2601 2224 2949 2278 descenderet
2994 2226 3057 2279 ad
3107 2236 3288 2292 terras,
3342 2232 3442 2297 pri-

1885 2331 2020 2368 mam
2053 2315 2240 2368 stolam
2279 2315 2516 2382 rccipere
2555 2330 2658 2368 non
2705 2323 2968 2382 poterant.
3001 2317 3064 2370 Et
3115 2317 3247 2372 dixit
3299 2320 3437 2376 Deus

1885 2405 2041 2459 Pater
2063 2405 2126 2457 ad
2159 2404 2369 2457 unicum
2401 2403 2590 2458 Filium
2623 2420 2771 2458 suum
2801 2424 2811 2457 :
2841 2407 3008 2473 longe
3035 2416 3126 2461 tuo
3166 2413 3436 2465 comitatui

1883 2495 2128 2547 unanima
2164 2503 2494 2559 sanctorum,
2524 2495 2612 2560 qui
2658 2493 2749 2548 tibi
2794 2495 3217 2562 obtemperanter
3259 2501 3434 2556 adlue-

1883 2593 2053 2647 reant,
2084 2583 2342 2637 desideria
2377 2585 2649 2652 pt-azclara,
2697 2594 2749 2639 et
2803 2585 2928 2653 ipsis
2979 2603 3070 2653 pro
3106 2603 3196 2641 sua
3246 2600 3294 2643 te
3326 2593 3441 2644 vir-

1887 2685 1996 2729 tute
2031 2674 2393 2743 sequentibus.
2430 2689 2562 2743 0pus
2592 2678 2831 2729 humanm
2859 2678 3166 2732 salvationis
3194 2681 3436 2749 ingrede-

1885 2781 1963 2819 re.
1994 2765 2142 2829 Quod
2175 2765 2217 2816 si
2248 2765 2299 2818 iu
2332 2765 2418 2818 Cis
2449 2776 2595 2831 patre
2626 2765 2750 2821 Saul
2776 2777 2970 2820 cretum
3035 2778 3238 2834 patrum
3298 2773 3438 2823 anti-

1889 2867 2112 2920 quorum
2147 2853 2271 2905 libet
2298 2856 2560 2920 accipere,
2588 2865 2798 2908 constat
2845 2856 2983 2909 hunc
3030 2871 3209 2910 curam
3242 2858 3441 2914 anima-

1886 2958 2001 2995 rum
2031 2943 2258 3008 gessisse
2290 2942 2542 3004 ﬁdelium,
2596 2953 2647 2996 et
2673 2941 2940 2996 Christum
2974 2945 3159 2998 sedulo
3207 2963 3441 3016 rogasse,

1887 3039 1943 3083 ut
1974 3031 2037 3083 ad
2084 3033 2268 3084 harum
2301 3031 2643 3084 salvationem
2678 3031 2986 3100 dignaretur
3010 3034 3060 3086 in
3090 3047 3248 3090 carne
3296 3043 3441 3092 venl~

1887 3135 1965 3184 re,
1998 3121 2262 3175 dicendo:
2299 3119 2513 3175 Domine
2560 3120 2694 3175 Deus
2747 3123 3013 3189 virtutum,
3055 3137 3281 3179 converte
3329 3144 3442 3193 nos,

1884 3221 1929 3264 et
1959 3214 2162 3265 ostende
2185 3212 2364 3278 [aciem
2394 3220 2551 3275 tuam,
2580 3221 2625 3265 et
2647 3199 2773 3266 salvi
2799 3214 2983 3266 erimus
3005 3214 3225 3283 (Psalm.
3251 3219 3442 3286 Lxxtt),

1883 3313 1936 3359 et
1962 3315 2154 3358 etetera
2181 3304 2478 3372 hujusmodi

1983 3474 1989 3502 ὶ
2499 3408 2720 3463 CAPUT
2762 3408 2820 3462 II.

1885 3519 2124 3585 Querens
2153 3518 2321 3571 asinae
2369 3517 2526 3593 patris
2547 3517 2626 3570 sui
2664 3516 2842 3593 βαμι,Δ
2869 3520 3059 3593 devenit
3087 3520 3316 3582 Samuel.
3357 3526 3444 3593 qui

1948 3603 2083 3641 eum.
2106 3597 2248 3656 grate
2276 3588 2568 3654 suscipiens.
2596 3587 2770 3640 asinos
2809 3589 2950 3641 docet
2971 3591 3192 3645 inventas
3221 3607 3238 3654 ,'
3263 3600 3309 3646 et
3337 3587 3443 3647 nia-

1950 3673 2011 3708 ne
2035 3658 2144 3709 oleo
2165 3666 2340 3709 sancto
2365 3673 2646 3727 pertingens
2686 3658 2736 3710 in
2765 3674 2951 3728 regem,
2982 3674 3094 3727 qua
3119 3663 3164 3714 ei
3186 3673 3302 3716 sunt
3325 3678 3442 3718 ven-

1952 3736 2064 3778 tura
2093 3736 2471 3795 praemonstrat.
2806 3732 2818 3744 ’

1953 3858 2193 3924 Quterens
2215 3859 2379 3911 asinas
2406 3856 2536 3912 Saul
2554 3874 2640 3928 per
2665 3859 2885 3929 quinque
2904 3861 3034 3928 loca,
3086 3878 3186 3916 non
3234 3863 3448 3929 invenit,

1881 3958 1986 4004 etc.
2011 3951 2138 4016 Quae
2168 3965 2197 4003 a
2229 3950 2648 4017 progenitoribus
2671 3949 2906 4019 ejusdem
2950 3951 3140 4018 Saulis,
3197 3963 3251 4007 et
3300 3955 3439 4009 beati

1882 4042 2144 4096 Samuelis
2169 4052 2460 4108 cognomen
2510 4043 2731 4094 traxisse
2783 4040 3042 4095 ridentur.
3077 4045 3138 4095 Et
3188 4045 3440 4100 Dominus

1881 4131 2119 4185 Christus
2170 4131 2400 4197 perditas
2449 4128 2501 4182 in
2559 4131 2878 4198 protoplasto
2909 4133 3204 4185 mortalium
3236 4136 3442 4190 animus

1882 4219 1946 4272 ad
1971 4220 2108 4271 viam
2143 4221 2261 4272 vita:
2293 4215 2476 4270 reduci
2533 4216 2859 4280 desiderans,
2897 4234 2989 4286 per
3015 4201 3246 4289 quinque
3282 4224 3442 4290 hujus

1878 4309 2062 4363 szeculi
2097 4319 2280 4364 mtatcs
2309 4318 2480 4377 coepta
2541 4322 2643 4362 non
2691 4308 2960 4376 explevit;
2993 4311 3113 4376 quia
3143 4312 3207 4364 ad
3239 4322 3446 4382 tempus

1883 4416 2050 4469 usque
2076 4415 2185 4456 sua:
2226 4401 2604 4455 incarnationis
2632 4402 2916 4465 neminem,
2945 4403 3180 4468 quamvis
3210 4406 3442 4470 perfecte

222 4494 477 4562 mysteria
502 4496 641 4548 celsa
673 4495 931 4564 designat.
965 4497 1026 4548 lit
1055 4496 1227 4563 primo
1273 4496 1486 4562 quidem
1530 4511 1769 4563 sensum,
1807 4529 1859 4589 Β
1885 4500 2165 4560 viventem,
2196 4499 2246 4551 in
2296 4497 2529 4552 cmlestis
2585 4496 2730 4565 regni
2776 4495 2962 4563 gaudia
2997 4498 3229 4550 reduxit.

219 4587 415 4653 quiest
452 4584 518 4637 de
549 4586 792 4649 Domino,
837 4588 1002 4653 juvat,
1055 4586 1174 4654 quia
1219 4586 1343 4639 Saul
1389 4586 1455 4640 de
1506 4586 1776 4656 Bettjatnin

218 4687 396 4739 ortus,
419 4675 556 4742 quod
599 4676 795 4729 electus
825 4687 878 4729 et
910 4679 1077 4729 bonus
1105 4677 1440 4744 perhibetur;
1491 4677 1602 4732 sive
1661 4679 1780 4747 quia

227 4766 502 4834 Benjatnin
563 4765 700 4818 Illius
749 4767 980 4819 dexterae
1033 4768 1454 4834 interpretatur,
1493 4770 1606 4823 sive
1659 4770 1782 4838 quia

221 4859 445 4914 minima
479 4858 646 4911 tribus
669 4865 749 4909 cst
776 4858 828 4909 in
858 4858 1049 4922 Israel;
1077 4873 1287 4925 semper
1331 4859 1472 4912 enim
1519 4859 1571 4913 in
1615 4859 1785 4913 humi.

223 4952 367 5003 libus
396 4950 601 5015 spiritu,
629 4961 849 5014 quorum
890 4954 970 4999 est
1010 4962 1228 5014 regnum
1269 4950 1547 5013 caelorum,
1576 4948 1786 5003 Christo

223 5040 364 5092 solet
400 5038 566 5106 gratia
591 5040 855 5107 generari.

302 5126 368 5179 Et
391 5138 496 5180 erat
522 5131 566 5180 ei
589 5130 724 5194 ﬁlius
756 5129 994 5181 vocabulo
1022 5127 1172 5194 Saul,
1204 5139 1310 5182 etc.
1331 5130 1429 5196 Qui
1458 5133 1594 5184 enim
1620 5141 1696 5186 est
1725 5133 1785 5185 de

225 5229 386 5278 terra,
413 5219 476 5269 de
503 5230 634 5270 terra
655 5231 750 5284 est,
780 5231 824 5272 et
853 5224 916 5273 de
943 5233 1072 5274 terra
1098 5220 1318 5287 loquitur
1352 5236 1369 5272 :
1413 5221 1498 5285 qui
1545 5222 1607 5276 de
1660 5223 1784 5276 creto

223 5310 383 5370 venit,
409 5324 555 5375 super
604 5325 770 5362 omnes
798 5322 908 5376 est;
937 5314 1022 5381 qui
1050 5323 1307 5380 peccatum
1355 5328 1456 5364 non
1510 5314 1647 5380 fecit,
1699 5330 1786 5367 nec

223 5401 456 5453 inventus
487 5407 557 5448 est
596 5396 744 5449 dolus
780 5401 834 5452 in
864 5416 948 5452 ore
979 5405 1089 5470 ejus
1117 5400 1293 5470 (Joan.
1328 5416 1417 5463 tu;
1452 5399 1478 5451 I
1513 5400 1655 5455 Petr.
1707 5405 1784 5470 tt).

229 5488 341 5548 Sed
364 5497 415 5540 et
447 5502 635 5540 nomen
678 5488 821 5549 Saul,
853 5493 992 5558 quod
1021 5494 1212 5545 dicitur
1243 5494 1525 5560 expetitus,
1557 5496 1666 5546 sive
1701 5511 1789 5561 pe-

228 5580 372 5642 titio,
394 5579 603 5632 Christo
632 5577 904 5643 aptissime
930 5581 1206 5649 congruit;
1241 5583 1327 5649 qui
1357 5595 1548 5646 magno
1578 5593 1788 5635 sancto-

229 5689 351 5728 rum
375 5669 636 5724 desiderio
664 5679 874 5734 semper
903 5668 1232 5736 imploratur,
1257 5681 1310 5725 et
1331 5672 1518 5724 adesse
1550 5681 1785 5739 rogatur.

229 5767 342 5820 Nec
375 5782 474 5817 nun
506 5772 558 5818 et
579 5761 668 5814 Cis
697 5759 861 5827 patris
886 5760 1046 5828 illius,
1077 5763 1127 5817 id
1161 5771 1263 5831 est,
1298 5763 1411 5819 duri
1441 5763 1784 5829 vocabulum,

516 5877 780 5935 PATttOL.
829 5871 980 5931 XCI.

1954 4591 2080 4643 Cum
2107 4601 2272 4643 autem
2299 4591 2546 4642 venissent
2583 4591 2636 4641 in
2693 4597 2878 4640 terram
2909 4587 3079 4654 Suplt,
3135 4587 3286 4642 dixit.
3312 4587 3444 4648 Saul

1885 4682 1951 4734 ad
1978 4697 2187 4748 puerum
2217 4673 2510 4743 iunonem.
2543 4681 2584 4732 Δ
2613 4680 2799 4746 quinto
2853 4678 2971 4732 loco
3026 4687 3245 4732 cassam:
3297 4694 3444 4748 qum-

1886 4772 2074 4826 stionis
2103 4770 2224 4826 Saul
2251 4771 2399 4838 quasi
2433 4768 2604 4823 redire
2634 4769 2882 4837 disponit.
2914 4768 2979 4822 Et
3011 4769 3264 4822 Dominus
3287 4784 3446 4824 enor-

1887 4865 2071 4916 mitate
2105 4860 2552 4931 praevaricationis
2597 4860 2837 4914 humanas
2878 4860 3153 4914 videbatur
3205 4862 3353 4928 quasi
3411 4877 3440 4915 a

1887 4953 2117 5007 curanda
2144 4951 2421 5018 impiorum
2450 4950 2621 5004 salute
2662 4951 2894 5004 voluisse
2940 4950 3157 5016 reverti,
3214 4949 3338 5003 dum
3391 4948 3448 5004 in

1887 5046 2066 5113 quinta
2094 5040 2274 5096 saeculi
2311 5048 2463 5092 astate.
2484 5039 2765 5093 subtractis
2797 5039 3171 5110 prophetarum
3196 5040 3443 5100 oraculis,

1887 5137 2153 5190 subtracta
2210 5131 2504 5199 frequentia
2558 5131 2940 5184 collocationis
2993 5130 3267 5197 angelicae,
3323 5128 3433 5180 sola

1888 5240 2173 5298 pravorum
2225 5223 2493 5275 hominum
2550 5223 2805 5275 scelerata
2859 5229 2973 5271 aeta
3022 5219 3420 5271 crebrescerent

1893 5317 1957 5369 Et
1987 5329 2168 5370 revera
2201 5323 2277 5367 tot
2305 5327 2368 5367 ac
2401 5313 2559 5364 tantis
2585 5321 2706 5362 ante
2733 5308 3015 5361 adventum
3050 5305 3253 5359 Domini
3288 5321 3440 5359 mun-

1889 5407 1988 5460 dus
2016 5404 2303 5458 sceleribus
2331 5392 2631 5470 urgebatur,
2664 5409 2720 5451 ut
2749 5399 2863 5467 plus
2888 5397 2954 5451 de
2973 5396 3241 5465 justorttm
3288 5405 3440 5450 tuen-

1891 5498 1980 5558 da,
2012 5508 2168 5563 quam
2199 5494 2266 5546 de
2296 5490 2612 5559 acquirenda
2639 5490 2916 5557 impiorum
2966 5490 3158 5553 saltue,
3187 5488 3438 5545 Conditor

1893 5586 2106 5642 humani
2153 5585 2364 5652 generis
2411 5592 2681 5651 putaretur
2735 5597 2853 5644 esse
2907 5581 3187 5636 sollicitus.
3246 5579 3442 5635 Verum

1895 5679 1983 5730 ille
2038 5691 2134 5744 pro
2169 5662 2564 5751 'adversitatum
2614 5672 2869 5726 molestiis
2925 5684 3141 5724 suorum
3191 5669 3441 5736 providus

1894 5769 2205 5830 electorum,
2238 5775 2290 5820 et
2335 5763 2650 5835 patientiam
2690 5764 2914 5833 probare
2959 5761 3337 5824 inviurihilcm,
3391 5769 3439 5814 et

2951 5873 3020 5931 18
