3916 6260
552 407 652 459 555

1027 407 1226 462 ΒΕῡΑζ
1266 407 1712 463 VENERABILIS
1739 407 2014 464 OPERUM
2055 409 2226 465 PARS
2265 411 2325 506 ΙΙΙ.
2357 440 2428 454 -
2466 415 2852 476 ΕΧΕΟΕΤΙΟΑ
2891 423 3211 482 GENUINA.

551 513 811 567 desideria
843 514 1046 568 volebat
1091 516 1382 566 constantia
1441 515 1736 568 differendo
1775 516 1886 585 jam
1932 515 2098 585 magis
2131 521 2175 578 Α
2205 516 2360 586 Ecqe,
2389 522 2572 593 inquit,
2598 525 2827 594 ibimus;
2861 534 2984 598 quid
3027 536 3255 591 feremus
3283 538 3351 592 ad
3383 541 3579 595 virum
3599 545 3627 595 .’
3659 548 3806 613 panis

552 621 614 660 ac
635 607 796 673 magis
818 618 1038 668 acuere;
1071 605 1212 658 unde
1241 606 1480 670 sequitur
1507 623 1521 658 :

620 695 720 761 Qui
762 696 832 746 ait
877 695 966 747 ei:
1001 693 1130 747 Ecce
1164 693 1236 754 est
1284 695 1358 746 uir
1390 692 1484 746 Dei
1523 695 1573 746 in
1619 696 1815 747 civitate
1854 695 2097 753 hac.etc.

554 789 674 841 llaec
697 800 775 841 est
803 787 941 840 enim
977 787 1228 855 patientia
1251 796 1303 838 et
1334 787 1465 839 fides
1486 797 1813 848 sanctorum,
1843 785 1930 838 hic
1951 801 2101 838 aniur

553 879 849 940 continuus,
877 876 990 930 inec
1026 877 1348 945 prmstolatio
1373 876 1571 928 diutina
1600 892 1626 928 a
1659 876 1813 944 longe
1837 877 2100 943 aspiciens

545 959 595 1025 et
619 973 854 1028 salutans
885 972 1260 1026 incarnatioais
1299 970 1574 1025 dominica:
1621 981 1674 1025 et
1722 972 1960 1025 human-.13
2016 988 2097 1025 re-

516 1063 831 1128 .parationis
879 1063 1167 1130 gaudium;
1218 1063 1349 1125 lucc,
1403 1061 1648 1129 inquam,
1709 1061 1795 1113 illa
1849 1061 2097 1128 frequens

519 1143 832 1220 'Scripturis
858 1153 1038 1218 gratiae
1086 1154 1336 1206 salvautis
1385 1151 1726 1206 obsecratio:
1781 1150 1959 1204 Excisa
2006 1167 2097 1219 po-

548 1244 751 1294 tentinm
781 1252 936 1305 tuam,
970 1253 1016 1294 et
1049 1245 1174 1303 ueni,
1220 1253 1272 1294 ut
1301 1243 1463 1295 salvos
1495 1244 1654 1312 facias
1685 1259 1796 1294 nos.
1843 1241 2091 1309 Exsurge,

541 1347 691 1396 quare
742 1331 1011 1393 obdormis,
1046 1331 1296 1384 Domine?
1343 1347 1573 1400 exsurge,
1622 1341 1669 1383 el
1730 1349 1791 1384 ne
1836 1333 2094 1400 reppellas

541 1438 692 1490 usque
715 1421 764 1473 in
796 1422 1157 1489 ﬁnem:quare
1212 1423 1389 1490 faciem
1445 1433 1580 1474 luant
1629 1425 1809 1475 avertis
1863 1422 2090 1490 (Psalm.

542 1526 719 1574 uxtx,
753 1510 942 1577 ut")?
967 1520 1018 1562 et
1045 1521 1231 1562 czetera
1261 1511 1402 1563 talia.
1452 1511 1604 1578 Ecce,
1629 1510 1892 1578 inquiunt,
1930 1522 2008 1566 cst
2036 1514 2085 1565 in

540 1602 752 1654 civitate
807 1599 1079 1653 mundana:
1131 1601 1555 1654 conversationis
1588 1641 1600 1662 ,
1660 1601 1872 1655 cmlesti
1926 1605 2089 1672 gratia

541 1690 916 1753 nobilissimus,
952 1699 1005 1744 et
1032 1691 1234 1759 absque
1265 1691 1369 1744 ulla
1419 1692 1687 1746 dubietate
1715 1693 2090 1748 veracissimus

541 1780 912 1849 prophetarum
943 1781 1156 1834 chorus.
1183 1780 1332 1834 Nunc
1364 1795 1494 1850 ergo
1541 1796 1723 1835 eamus
1773 1782 1918 1847 illuc,
1967 1793 2021 1838 et
2062 1800 2089 1837 a

2203 607 2393 664 defecit
2425 613 2474 666 in
2504 617 2770 673 sitarchiis
2797 625 3012 689 nostris,
3058 634 3114 679 et
3151 629 3458 695 sportulam
3494 646 3616 684 non
3646 607 3806 687 habe-

2205 713 2340 752 mus.
2377 700 2514 758 Ecce
2545 705 2705 762 instat
2738 719 2949 779 tempus
2975 716 3304 784 complenda:
3328 721 3380 772 iu
3407 719 3658 775 Christo
3692 740 3804 790 pro-

2203 791 2414 857 phetiae,
2444 797 2569 863 quid
2602 799 2722 852 boni
2754 801 2932 866 operis
2960 801 3238 867 habemus,
3264 822 3372 876 quo
3414 811 3804 876 pradicas-sri-

2201 877 2299 933 bus
2331 882 2468 938 illius
2500 889 2756 955 temporis
2788 906 2886 947 nos
2915 896 3307 959 commendem,
3338 908 3391 952 et
3445 899 3518 954 de
3551 901 3663 955 illo
3707 919 3806 969 quo

2199 985 2333 1039 opus
2391 974 2648 1033 habemus
2695 994 3001 1037 mereamur
3046 983 3321 1043 ediscere?
3364 988 3534 1058 Legio
3571 994 3801 1060 quidem

2199 1065 2496 1121 observatio
2552 1085 2644 1136 per
2697 1071 3084 1130 Pharisaeorum
3140 1079 3454 1134 traditiones
3501 1097 3798 1151 corrupta,

2200 1153 2308 1207 imo
2359 1156 2468 1219 ipsa
2527 1172 2622 1211 sua
2682 1170 2968 1227 vetustate,
3012 1176 3064 1218 et
3104 1169 3253 1235 quasi
3299 1169 3460 1240 longo
3509 1187 3624 1226 usu
3666 1191 3798 1227 con—

2197 1256 2423 1311 sumpta,
2456 1247 2644 1304 defecit
2675 1250 2726 1304 iu
2757 1253 2962 1308 actibus
2990 1258 3221 1322 nostris;
3267 1269 3320 1312 et
3349 1265 3797 1316 conversatione

2197 1348 2348 1386 novae
2397 1339 2623 1404 gratias,
2677 1357 2794 1410 qua:
2861 1359 3077 1415 regnum
3125 1348 3384 1403 culorum
3445 1366 3748 1421 exspectet
3777 1401 3790 1418 ,

2201 1424 2500 1494 priusquam
2551 1429 2637 1482 ille
2697 1432 2780 1485 cui
2828 1437 3112 1501 repositqu
3141 1450 3220 1491 est
3271 1441 3448 1496 veniat
3479 1452 3532 1495 et
3562 1445 3788 1506 doceat,

2201 1511 2398 1568 habere
2449 1506 2802 1586 nequivimus.
2834 1523 2962 1576 Nam
3017 1528 3304 1592 palmarum
3348 1545 3470 1597 quae
3513 1535 3789 1586 vincenti-

2202 1599 2296 1653 b‘us
2327 1602 2376 1654 iu
2403 1607 2618 1669 praemio
2645 1609 2756 1662 duri
2785 1611 3269 1682 solebant,plectze,
3285 1619 3494 1671 caelesti
3516 1637 3784 1674 remune-

2198 1693 2403 1747 ratione
2432 1693 2618 1764 diguas
2671 1699 2905 1754 actiones
2935 1702 3261 1770 significant;
3305 1709 3608 1773 pa'msruiu
3643 1711 3788 1762 foliis

2196 1789 2335 1834 texta
2385 1788 2630 1853 vascula,
2682 1803 2777 1855 spe
2823 1800 3142 1846 aeternorum
3185 1796 3502 1864 gaudiorum
3555 1799 3783 1855 dilatata

542 1846 940 1938 contemplanda
994 1879 1095 1922 tua:
1137 1870 1297 1937 gloria
1344 1846 1656 1936 divinitatis,
1712 1887 1828 1940 qum
1880 1846 2089 1927 mundis
2130 1846 2168 1903 Β
2197 1871 2353 1924 corda
2385 1846 2774 1933 demouslrant.

539 1962 708 2010 solum
757 1956 1003 2011 cordibus
1047 1953 1208 2024 patet,
1244 1957 1310 2010 ad
1361 1957 1707 2013 humanitatis
1755 1960 1913 2012 etiam
1964 1961 2090 2015 olitu

543 2047 838 2113 promisere.
872 2062 934 2100 ac
965 2048 1052 2098 ditt
1079 2045 1188 2116 jam
1221 2047 1552 2118 desiderata,
1586 2052 1836 2118 mysteria
1866 2065 2091 2105 cernen-

539 2136 602 2188 da
629 2137 917 2191 veniamus.
950 2135 1094 2189 Beati
1124 2154 1336 2206 namque
1358 2139 1492 2197 oculi
1520 2141 1606 2207 qui
1630 2141 1882 2206 uiderunt,
1908 2151 1955 2193 et
1997 2157 2094 2194 att-

541 2240 616 2276 res
645 2241 755 2292 qua
781 2225 886 2277 hwc
932 2227 1106 2279 audire
1157 2237 1442 2281 meruerunt
1496 2227 1707 2298 (Matth.
1764 2234 1883 2299 stt).
1930 2231 2090 2287 Forte

545 2318 908 2371 resonantibus
940 2319 1008 2371 ibi
1036 2320 1101 2371 de
1128 2328 1200 2384 te,
1254 2334 1316 2372 ac
1367 2320 1504 2372 viam
1555 2329 1748 2374 nostra:
1797 2322 2096 2376 devotionis

543 2407 855 2470 attestundo,
884 2407 1186 2475 juvantibus
1237 2411 1607 2476 pmphetarum
1643 2412 1943 2478 praeconiis,
1975 2427 2092 2464 cre-

547 2501 676 2552 dere
705 2500 916 2567 incipiet
944 2499 1189 2564 mundus,
1219 2509 1272 2553 et
1296 2502 1416 2568 ipsi,
1444 2500 1671 2554 reductis
1701 2503 1764 2554 ad
1797 2503 1953 2554 vitam
2001 2503 2090 2570 qui

549 2596 829 2662 perierant,
881 2609 907 2645 a
953 2595 1077 2647 tanti
1120 2598 1372 2664 temporis
1425 2597 1578 2662 longo
1615 2597 1794 2649 labore
1852 2596 2094 2661 quiesce-

547 2698 683 2735 tnus.
717 2684 945 2737 Verbum
999 2685 1336 2738 dubitationis
1362 2688 1593 2753 ponitur,
1619 2686 1682 2738 ad
1706 2687 2090 2740 ostendendam

549 2777 745 2829 erroris
771 2775 979 2830 humani
1010 2780 1343 2845 gravitatem,
1375 2779 1844 2847 difﬁcultatemque
1901 2797 2094 2836 curan-

547 2864 784 2932 di,juxta
827 2866 951 2918 illud
997 2865 1320 2941 Salvatoris:
1375 2866 1533 2922 Putas
1573 2869 1787 2922 inveniet
1844 2872 1998 2939 ﬁdem
2042 2875 2092 2925 in

543 2954 714 3005 terra?
732 2960 814 3007 et:
840 2953 899 3008 Si
929 2955 1182 3008 crederitis
1213 2955 1393 3025 Moysi,
1419 2960 1674 3012 crederitis
1697 2961 1868 3027 forsan
1898 2975 1943 3013 et
1969 2963 2093 3014 mihi

547 3040 694 3110 (Luc.
730 3044 895 3112 xvttt).
929 3043 1058 3098 liuie
1087 3046 1203 3098 loco
1232 3046 1406 3100 simile
1437 3048 1559 3115 quid
1593 3049 1680 3101 illa
1711 3048 1923 3116 sapiens
1946 3064 2092 3100 ama-

2268 1960 2394 2015 Ecce
2416 1964 2616 2020 inuenta
2641 1980 2714 2021 est
2761 1970 2814 2022 in
2861 1987 3015 2024 manu
3059 1990 3171 2028 mea
3210 1985 3391 2042 quarta
3418 1993 3544 2046 pars
3567 1982 3781 2032 statuis

2193 2053 2407 2121 argenti,
2438 2063 2541 2108 etc.
2579 2055 2844 2112 Stateram
2869 2063 3072 2131 argenti
3104 2063 3478 2134 perfectionem
3515 2060 3777 2123 humane

2194 2142 2402 2208 salutis,
2430 2159 2531 2212 qua
2562 2146 2627 2199 ad
2654 2143 2972 2205 laudandum
3020 2152 3182 2208 Deum
3234 2156 3462 2224 proiicit,
3497 2158 3776 2228 intellige;

2193 2245 2310 2298 quae
2340 2243 2562 2300 quatuor
2593 2237 2840 2291 nimirum
2873 2241 3094 2309 partium
3125 2245 3468 2301 incrementis
3514 2249 3580 2300 ad
3628 2264 3776 2302 sutu-

2195 2335 2332 2374 mam
2365 2339 2474 2377 sum
2501 2327 2781 2382 soliditatis
2805 2333 3041 2399 attingit;
3069 2335 3190 2402 quia
3223 2336 3273 2387 in
3309 2335 3488 2390 Veteri
3522 2338 3776 2391 videlicet

2193 2410 2532 2468 Testamento
2555 2415 2725 2470 futura
2740 2420 2840 2473 fide
2857 2419 3132 2476 dominica:
3156 2423 3544 2478 incarnationis
3565 2439 3770 2487 erecta,

2193 2498 2244 2552 in
2279 2515 2416 2554 novo
2460 2505 2700 2571 ejusdem
2729 2517 2984 2577 susceptae
3010 2509 3384 2567 incarnationis
3413 2520 3772 2570 sacramentis

2197 2592 2417 2655 imbuta,
2445 2593 2496 2645 in
2524 2593 2856 2652 absolutione
2877 2599 3050 2654 carnis
3071 2604 3252 2656 aeterni
3284 2605 3428 2672 regni
3460 2609 3768 2673 perceptio-

2196 2681 2276 2732 nis
2299 2682 2597 2749 sublimata,
2622 2697 2676 2739 et
2697 2689 2746 2740 iu
2779 2689 2863 2743 die
2887 2689 3070 2758 judicii
3092 2693 3248 2745 etiam
3273 2695 3447 2748 carnis
3472 2707 3557 2750 est
3584 2714 3766 2752 resur-

2195 2772 2431 2826 rectione
2486 2775 2848 2842 gloriticanda.
2903 2779 3037 2834 Dicit
3089 2797 3216 2850 ergo
3260 2785 3408 2838 Sauli
3447 2801 3586 2853 puer
3612 2788 3762 2856 ejus:

2195 2860 2333 2915 Ecce
2372 2865 2579 2920 inventa
2607 2877 2687 2921 est
2715 2870 2766 2922 in
2816 2885 2972 2924 rnanu
3021 2887 3132 2926 mea
3160 2885 3342 2942 quarta
3375 2892 3500 2944 pars
3547 2881 3765 2932 suaeris

2194 2957 2430 3020 argenti;
2460 2955 2644 3009 demus
2671 2959 2868 3013 homini
2917 2959 3035 3025 Dei,
3079 2971 3138 3015 ut
3191 2963 3389 3017 indicet
3426 2965 3583 3020 nobis
3622 2969 3761 3021 viam

2197 3054 2454 3096 uestram.
2489 3046 2622 3099 Dicit
2650 3047 2860 3102 Christo
2903 3050 2970 3101 ad
3000 3051 3129 3103 bona
3173 3068 3233 3106 se
3271 3069 3431 3121 opera
3460 3057 3758 3110 cohortanti

546 3132 650 3184 trix
681 3133 730 3185 in
762 3135 957 3186 amoris
1002 3136 1082 3188 sui
1130 3136 1335 3190 cantico
1388 3138 1614 3208 loquitur
1655 3137 1870 3192 Christo
1899 3157 1910 3190 :
1964 3141 2087 3203 Quis
2120 3163 2164 3225 ρ
2198 3142 2349 3183 νειυε
2375 3133 2602 3187 ﬁdelium
2635 3138 2880 3204 Populus:
2908 3154 3054 3194 "0'3
3082 3144 3265 3211 ϐτθιίεε
3290 3146 3626 3202 dulcedinem
3674 3164 3760 3203 διε·

543 3223 769 3279 miltidet
819 3235 866 3280 te
911 3226 1116 3295 fratrem
1163 3244 1347 3293 meum,
1383 3236 1648 3297 augentem
1701 3231 1856 3283 ubera
1908 3235 2086 3284 matris

544 3332 684 3380 mete,
717 3327 768 3369 ut
793 3318 1037 3370 inveniam
1065 3327 1111 3371 te
1139 3319 1286 3386 foris,
1315 3329 1360 3371 et
1402 3320 1665 3374 deosculer
1714 3321 1886 3390 (Cant.
1932 3324 2089 3392 vm)?

545 3414 618 3462 Ac
646 3410 687 3462 si
723 3420 902 3478 aperte
928 3409 1162 3464 diceret:
1195 3412 1361 3476 Quem
1388 3412 1701 3468 iuvisibilem
1733 3417 1872 3470 intus
1921 3417 2085 3470 Deum

543 3501 724 3564 credo,
747 3502 998 3555 confiteor
1041 3513 1093 3556 et
1138 3503 1321 3566 adoro,
1377 3505 1513 3558 hunc
1557 3507 1717 3560 etiam
1775 3507 1901 3563 loris
1958 3525 2088 3564 mea:

545 3592 850 3645 substantiae
876 3592 1200 3647 c0nformem
1237 3596 1413 3649 videre
1444 3606 1493 3649 et
1524 3596 1718 3664 alloqui
1744 3599 2015 3653 desidero.

613 3678 754 3732 Dixit
807 3681 933 3734 Saul
987 3685 1052 3735 ad
1090 3700 1298 3749 puerum
1349 3701 1531 3737 suum:
1566 3684 1695 3739 Ecce
1732 3687 1934 3752 ibimus,
1981 3698 2088 3744 etc.

543 3769 666 3823 Sani
696 3770 902 3837 quidem
930 3782 983 3824 et
1005 3789 1133 3840 puer
1161 3776 1275 3843 ejus
1304 3779 1571 3842 errabant,
1627 3778 1676 3831 in
1712 3794 1776 3832 eo
1825 3781 1963 3847 quod
1999 3783 2093 3835 ho-

547 3861 738 3912 minem
798 3860 885 3912 Dei
944 3876 1156 3915 munera
1215 3868 1503 3931 pr0pltetite
1533 3882 1768 3933 qumrere
1819 3871 2092 3935 putabant,

549 3951 774 4020 ideoque
805 3952 991 4005 frustra
1026 3953 1213 4007 turbati
1245 3964 1386 4020 sunt,
1404 3957 1542 4022 quod
1567 3971 1630 4009 ne
1661 3959 1948 4025 sportulam
1979 3961 2094 4027 qui-

550 4044 687 4106 dem,
718 4058 834 4111 quae
861 4045 907 4097 ei
930 4043 1040 4096 dari
1075 4046 1318 4112 potuerit,
1351 4045 1414 4098 ad
1448 4047 1756 4113 portandum
1789 4062 1911 4102 seet.
1937 4051 2098 4102 uvia-

552 4133 709 4184 ticum
742 4132 1062 4200 acceperint,
1109 4147 1225 4201 qua:
1253 4148 1316 4186 ex
1346 4135 1632 4200 palmarum
1690 4133 1847 4210 foliis,
1876 4138 2096 4206 pulchra

549 4223 801 4277 varietate
829 4225 1092 4288 contexta",
1122 4225 1398 4279 deficiente
1422 4227 1547 4280 licet
1597 4241 1750 4293 pane,
1782 4229 1867 4296 qui
1905 4230 2094 4294 inerat,

556 4309 694 4363 inter
719 4311 1047 4365 salutandum
1077 4319 1170 4380 pro
1202 4327 1418 4367 munere
1445 4317 1580 4369 so'et
1605 4317 1782 4382 tribui,
1812 4318 1856 4370 si
1886 4333 1989 4371 non
2019 4322 2098 4371 vir

551 4411 760 4452 sanctus
787 4400 1031 4452 omnibus
1058 4400 1196 4453 uitro
1222 4411 1348 4455 vere
1386 4402 1565 4457 dicere
1607 4413 1935 4459 consuesset.
1993 4406 2095 4461 Sed

551 4579 668 4633 ctos’
690 4594 812 4633 suos
843 4579 1061 4634 famulos
1088 4582 1269 4636 crebra
1295 4581 1700 4652 compunctione
1727 4585 1994 4654 sollicitat,
2023 4604 2090 4644 ne

550 4669 612 4720 ad
667 4667 976 4722 audiendum
1031 4670 1256 4724 verbum
1302 4670 1414 4737 Dei,
1461 4685 1514 4726 et
1551 4675 1887 4740 quaerendam
1943 4692 2092 4731 suam

552 4761 708 4828 viam,
742 4773 857 4826 qua
882 4760 1122 4813 Christus
1142 4770 1223 4814 est
1248 4764 1425 4830 (nemo
1453 4763 1591 4816 enim
1624 4769 1764 4818 venit
1787 4767 1850 4818 ad
1883 4767 2090 4821 Patrem

554 4849 651 4901 nisi
682 4863 770 4915 per
799 4849 990 4918 illum),
1020 4849 1165 4903 vacui
1196 4859 1368 4904 mente
1399 4854 1477 4904 vel
1525 4858 1728 4908 actione
1755 4858 2090 4920 conveniant,

556 4937 643 4989 sed
681 4941 862 4991 sedulo
887 4939 1187 5006 perquirunt
1209 4941 1330 5009 quid
1374 4941 1684 5000 obedientia:
1734 4948 2091 5012 coagmentis,

556 5026 679 5096 quid
709 5027 1023 5096 reliquarum
1051 5031 1299 5081 virtutum
1321 5045 1416 5084 suo
1445 5032 1670 5096 doctori,
1697 5036 1886 5100 quibus
1906 5038 2092 5089 merito

557 5120 767 5181 verbum
797 5118 1125 5171 committere
1151 5118 1358 5189 debeat,
1385 5122 1681 5175 ostendant.
1714 5122 1815 5177 Sed
1843 5136 1891 5177 et
1925 5125 1974 5176 in
2003 5125 2100 5178 Ve-

557 5211 650 5262 teri
679 5209 1032 5273 Testamento,
1065 5209 1359 5277 quicunque
1387 5208 1654 5264 Christum
1695 5213 1759 5267 ad
1787 5216 2096 5281 complenda

558 5296 800 5348 vaticinia
833 5296 1201 5361 prophetarum
1254 5297 1304 5348 in
1337 5299 1584 5350 mundum
1613 5304 1813 5367 venire,
1849 5304 1934 5369 qui
1966 5303 2100 5356 Sau-

559 5390 660 5441 lem
690 5387 740 5440 in
766 5385 1031 5439 civitatem
1060 5378 1316 5440 Samuelis
1346 5390 1557 5451 intrare,
1590 5399 1643 5442 et
1663 5407 1777 5458 qua:
1800 5394 1910 5461 ipse
1941 5395 2098 5450 doce-

560 5471 636 5530 ret
662 5490 814 5540 agere
842 5474 1230 5541 desiderabant,
1260 5491 1377 5529 mox
1407 5477 1472 5529 ah
1501 5478 1612 5545 ipso
1641 5480 1852 5536 Christo
1898 5496 2097 5540 secreta

563 5549 902 5630 inspiratione
957 5565 1107 5621 bonis
1160 5567 1483 5621 docebantur
1536 5574 1776 5637 operibus
1832 5575 2094 5642 insistere,

563 5668 669 5719 quo
701 5647 838 5721 digiti
871 5655 1060 5710 fierent
1077 5658 1252 5713 videre
1285 5669 1338 5713 et
1366 5661 1547 5713 audire
1587 5678 1703 5730 qum
1728 5669 1875 5719 multi
1903 5666 2099 5735 justiet

496 5749 507 5761 ‘
565 5757 712 5807 reges
738 5751 887 5794 antea
918 5745 1185 5814 cupientes
1205 5762 1310 5802 non
1341 5751 1617 5809 audierunt
1641 5769 1805 5823 neque
1834 5754 2089 5813 viderunt.

2193 3223 2438 3290 spirans:
2473 3225 2609 3280 Ecce
2636 3227 2846 3282 inventa
2884 3241 2964 3285 est
3015 3235 3149 3302 apud
3199 3251 3282 3290 me
3327 3252 3479 3305 spes,
3525 3242 3758 3310 fidesque

2190 3316 2397 3368 venturi
2427 3317 2476 3369 in
2508 3332 2666 3372 carne
2692 3319 2908 3376 Christi.
2939 3321 3296 3380 Conlitcatnur
3332 3332 3471 3384 hanc
3497 3334 3753 3387 incarnati

2194 3404 2349 3458 Verbi
2398 3408 2677 3476 ministris,
2731 3419 2789 3464 ut
2818 3412 3024 3478 plenius
3057 3429 3153 3470 nos
3183 3417 3249 3471 de
3277 3421 3356 3470 via
3390 3432 3598 3486 nostra,
3640 3439 3754 3491 qua:

2191 3496 2434 3550 Christus
2463 3509 2565 3562 est,
2598 3501 2884 3555 instruant.
2916 3502 3023 3557 Nec
3047 3503 3240 3559 frustra
3267 3522 3399 3576 puer
3428 3524 3549 3563 cum
3571 3517 3752 3566 eodem

2192 3584 2373 3650 Saufe,
2408 3590 2493 3656 qui
2523 3588 2793 3643 Christum
2824 3591 3100 3660 significat,
3134 3595 3246 3650 haec
3271 3611 3332 3652 se
3362 3599 3620 3655 facturum
3639 3618 3753 3671 pro-

2194 3680 2372 3733 mittit.
2407 3677 2525 3750 Ipse
2572 3692 2644 3736 est
2667 3685 2801 3737 enim
2829 3688 2915 3753 qui
2939 3700 3176 3757 operatur
3206 3690 3257 3742 in
3279 3692 3421 3745 nobis
3447 3703 3496 3746 et
3545 3694 3669 3749 uelle
3709 3709 3752 3749 et

2192 3770 2430 3838 perﬁcere
2457 3788 2549 3839 pro
2579 3774 2704 3826 bona
2727 3776 2980 3830 voluntate
3002 3777 3225 3847 (Philip.
3255 3782 3338 3852 tt).
3573 3837 3582 3851 ,

2267 3861 2402 3911 Olim
2427 3861 2478 3912 in
2510 3859 2672 3916 Israel
2699 3865 2772 3917 sic
2799 3864 3096 3934 loquebatur
3112 3871 3523 3940 unusquisque...
3559 3871 3747 3935 Venite,

2191 3964 2365 4003 eamus
2390 3953 2456 4003 ad
2483 3953 2762 4019 uidentem,
2778 3964 2882 4009 etc.
2911 3957 3051 4010 Idem
3073 3970 3398 4013 secretorum
3420 3971 3680 4015 scrutator
3701 3972 3752 4017 et

2196 4052 2492 4107 enarrator,
2524 4052 2575 4095 et
2607 4045 2859 4110 p'roplteta
2892 4055 3034 4099 recte
3061 4047 3272 4112 dicitur,
3319 4051 3442 4118 quia
3497 4052 3748 4119 profatur,

2196 4131 2245 4185 id
2275 4142 2376 4196 est,
2409 4134 2746 4203 praloquitur
2775 4135 2966 4191 futura.
3038 4137 3102 4190 Et
3133 4138 3330 4194 Videns
3357 4157 3462 4195 nou
3493 4145 3749 4200 immerito

2199 4233 2433 4285 vocatur,
2451 4223 2568 4291 quia
2601 4223 2864 4278 mundatis
2887 4226 3065 4280 cordis
3090 4229 3276 4294 oculis,
3303 4246 3421 4299 qua:
3447 4233 3623 4288 minus
3639 4251 3748 4304 per-

2199 4310 2346 4364 fectis
2401 4325 2684 4380 nequeunt,
2739 4329 2927 4369 arcana
2973 4318 3213 4373 rimatur.
3277 4321 3424 4377 Unde
3462 4333 3517 4377 et
3569 4339 3743 4380 eorum

2200 4400 2391 4466 scripta
2439 4415 2540 4455 non
2590 4395 2761 4455 minus
2793 4404 3024 4461 visiones
3051 4423 3206 4484 quam
3254 4401 3540 4477 prophetia
3569 4421 3767 4468 vocas?

457 4501 462 4505 '
551 4488 815 4557 allegorici
847 4501 1036 4543 sensus
1070 4486 1200 4542 ordo
1229 4503 1331 4544 non
1366 4503 1526 4555 errat,
1555 4494 1674 4562 quia
1706 4492 1958 4549 Dominus
1985 4497 2090 4550 διο.
2120 4495 2178 4558 1)
2201 4496 2303 4541 ιυτ-
2359 4488 2520 4557 Vitio.
2579 4491 2765 4561 inquit.
2815 4494 2983 4549 Esaia
3027 4498 3124 4564 ﬁlii
3150 4500 3320 4552 Amos.
3370 4502 3521 4554 Liber
3547 4505 3744 4558 uitiatus

2199 4579 2409 4632 Nonum
2469 4581 2693 4637 Eicestei.
2751 4584 2969 4637 Verbum
3014 4588 3152 4654 quod
3204 4590 3327 4642 cidit
3380 4590 3562 4646 Esaias
3615 4596 3744 4664 ﬁlius

2197 4671 2348 4723 Amos
2377 4670 2540 4738 (Esa.
2574 4687 2618 4735 l;
2657 4672 2882 4725 Nattam.
2917 4689 2954 4737 t;
3001 4673 3124 4728 Esa.
3159 4679 3237 4744 tt).
3269 4679 3443 4744 Quare
3496 4685 3732 4739 nimirum

2199 4761 2547 4828 redarguendi
2602 4772 2741 4826 sunt,
2793 4762 2883 4830 qui
2935 4769 3213 4834 prophetas
3268 4770 3360 4825 Dei
3407 4773 3557 4840 juxta
3598 4773 3740 4829 Ωιι..

2201 4849 2426 4918 phrygas
2455 4852 2504 4902 in
2528 4854 2718 4904 exstasi
2750 4853 2952 4908 locutos
2975 4866 3264 4926 autumant,
3293 4871 3354 4918 ut
3375 4872 3450 4916 tot
3473 4865 3738 4932 sapientia:

2202 4942 2356 4992 verba
2413 4953 2713 5006 prementes
2766 4957 2882 5011 qua
2937 4945 3189 5012 dicerent,
3222 4950 3321 5017 ipsi
3354 4952 3638 5009 nescirent.
3681 4955 3740 5010 Et

2200 5031 2353 5099 juxta
2376 5032 2674 5099 apostolica:
2721 5037 2996 5090 sententia
3024 5038 3297 5092 veritatem
3341 5040 3602 5098 catholico
3629 5038 3740 5100 seu?

2206 5123 2461 5185 tiendum,
2492 5126 2706 5193 spiritus
2737 5127 3112 5195 prophetarum
3136 5130 3406 5195 prophetis
3433 5130 3596 5190 fuisse
3622 5138 3737 5193 sub-

2198 5216 2385 5283 jectos.
2418 5229 2473 5273 ut
2521 5233 2583 5272 es
2641 5221 2843 5275 ratione
2886 5220 2966 5274 vei
3019 5221 3160 5287 loqui
3186 5226 3736 5291 uossent,veitaeere.

2197 5308 2435 5378 Denique
2500 5310 2794 5365 Psalmista.
2854 5310 2953 5375 Qui
3001 5311 3241 5364 mandata
3298 5311 3392 5368 Dei
3457 5317 3736 5387 dilige-tius

2201 5402 2486 5464 exquisierit
2520 5443 2534 5466 ,
2578 5417 2723 5470 super
2766 5401 2982 5456 seniores
3037 5415 3091 5453 se
3139 5397 3736 5477 intelless‘su‘glerietur

2202 5487 2420 5557 (Psafut.
2449 5491 2651 5559 cum).
2685 5488 2748 5543 Et
2778 5488 2828 5542 iu
2860 5488 2967 5542 alio
2994 5488 3148 5542 loco:
3180 5488 3432 5560 Psallam,
3465 5493 3652 5565 inquit,
3695 5504 3734 5548 et

2199 5579 2476 5649 intelligam
2519 5577 2572 5630 in
2615 5580 2694 5632 uia
2739 5579 3080 5643 immaculata,
3111 5580 3312 5647 quando
3352 5582 3520 5636 uenia
3561 5581 3628 5634 ad
3669 5596 3736 5636 Ir

2202 5671 2422 5741 (Psalnt.
2451 5671 2524 5741 c).
2555 5670 2666 5726 Non
2693 5685 2818 5741 ergo
2846 5671 2989 5738 quasi
3014 5671 3317 5738 arreptitius
3348 5674 3592 5729 nesciens
3611 5675 3735 5745 paulo

2201 5764 2275 5826 iit,
2332 5762 2419 5831 qui
2475 5775 2535 5815 ea
2585 5776 2702 5834 qua:
2756 5761 2950 5830 psallit,
2975 5751 3289 5818 adveniente
3323 5763 3733 5832 insesapieali:

3708 429 3885 488 538*!
