3916 6260
148 409 254 466 357

666 407 727 461 ιΝ
766 406 1132 463 SAMUELEM
1176 401 1578 462 PROPIIETAJI
1620 401 2042 460 ALLEGORICA
2083 401 2455 459 EXPOSITIO.
2494 436 2566 449 --
2605 404 2729 460 LIB.
2772 403 2835 459 ll.

3255 406 3362 461 558

146 524 337 590 spiritu
367 521 640 592 intelligit;
671 523 763 576 sed
787 530 840 576 et
864 525 1170 591 plerumque
1196 523 1462 591 ρτουιιειω
1490 520 1556 576 dc
1586 520 1698 587 qni-
1729 517 1782 576 Α
1807 514 2116 585 baptizando
2143 519 2328 582 abluit,
2359 529 2412 601 et
2442 520 2689 590 deinceps
2715 536 2810 590 spe
2838 528 3050 576 telorum
3075 521 3359 576 hzuredita-

145 611 373 666 busdam
404 611 504 664 sibi
531 611 782 665 divinitus
805 613 1056 677 natensis,
1082 627 1196 681 qua:
1227 625 1336 680 prae
1386 612 1466 666 sui
1517 611 1711 680 magni-

146 700 333 754 tudine
358 700 503 767 quasi
534 701 774 754 homines
800 715 989 767 capere
1018 717 1120 756 non
1148 709 1408 771 poterant,
1439 701 1506 754 ab
1535 709 1709 752 astan-

147 786 292 840 tibus
336 787 534 855 angelis
585 788 733 856 quasi
784 789 987 842 ratione
1035 797 1264 853 utentes,
1290 797 1349 844 et
1393 788 1706 856 sapientium

146 875 395 929 sitientes
446 876 798 943 inquirebant.
849 877 952 931 Sed
993 879 1244 943 quaeritur
1296 877 1558 945 quomodo
1598 875 1708 930 Sa-

153 965 320 1032 muel,
346 965 433 1033 qui
463 979 566 1018 non
594 967 660 1019 de
683 966 836 1033 longe
866 967 1146 1034 prioribus,
1191 967 1283 1021 sed
1325 967 1390 1020 de
1436 965 1706 1034 praesenti-

151 1053 274 1117 bus,
306 1056 403 1108 hoc
431 1065 511 1108 est
534 1057 612 1109 sui
642 1056 738 1109 sevi
769 1057 1093 1124 temporibus
1119 1071 1418 1112 sermonem
1454 1056 1707 1134 lacit,ldi-

151 1153 272 1198 eat:
329 1143 429 1210 Qui
481 1145 619 1198 enim
669 1146 923 1215 propheta
975 1147 1167 1201 dicitur
1197 1147 1372 1210 hodie,
1421 1147 1706 1201 vetabatur
1756 1209 1758 1212 ν

147 1232 280 1285 olim
313 1232 512 1288 videns.
560 1233 854 1303 Voluntque
883 1235 979 1288 hos
1009 1245 1063 1290 et
1089 1235 1386 1303 hujusmodi
1420 1235 1706 1289 versiculos

146 1324 218 1376 ab
249 1324 380 1377 Ezra
431 1325 701 1379 sacerdote
739 1335 790 1378 et
819 1326 1011 1389 scriba,
1058 1341 1177 1379 cum
1218 1325 1543 1394 Scripturam
1583 1340 1706 1380 san-

144 1420 288 1464 etam
312 1421 648 1477 restauraret,
669 1412 813 1482 quasi
843 1413 908 1467 de
932 1413 1059 1469 olim
1089 1415 1369 1468 transactis
1391 1416 1704 1473 intersertos

147 1509 276 1550 esse
330 1498 671 1566 temporibus.
722 1499 849 1554 Nam
893 1509 947 1554 et
982 1500 1136 1570 longe
1188 1511 1311 1570 post
1334 1511 1554 1569 mortem
1596 1503 1706 1557 Sa-

150 1587 340 1640 muelis
369 1602 534 1654 usque
581 1588 646 1641 ad
677 1589 826 1645 Ezra:
856 1597 1114 1658 tempora,
1170 1607 1361 1646 nomen
1415 1592 1704 1648 videntium

148 1688 304 1742 mque
335 1685 387 1728 ut
417 1677 791 1744 prophetarum
822 1680 1109 1748 Scriptnris
1137 1681 1358 1735 inditum
1388 1682 1570 1736 claret.

222 1760 291 1814 Et
330 1763 498 1817 ierunt
537 1768 587 1817 in
605 1767 850 1821 civitatem
870 1767 925 1821 in
951 1784 1048 1837 qua
1072 1781 1179 1822 erat
1205 1771 1278 1822 vir
1320 1770 1433 1826 Dei.
1474 1771 1537 1825 Et
1562 1772 1703 1826 venit

1808 609 1871 657 tis
1894 606 2123 672 gaudere
2150 609 2351 686 suadet2

1875 697 2094 764 Cumque
2139 698 2216 751 illi
2259 698 2570 762 ambularent
2609 701 2659 752 in
2704 701 2864 754 medie
2908 702 3067 766 urbis,
3121 704 3361 769 apparuit

1809 785 2168 854 Samuel,.etc.
2200 791 2263 843 Et
2306 791 2467 860 capit
2498 789 2630 844 fatua
2660 791 2853 845 Christi
2888 790 3220 860 ﬁdeliumque
3241 794 3359 862 ejus

1809 875 2053 940 paulatim
2111 878 2428 945 praedicante
2476 877 2680 934 Joanne
2723 883 3073 934 crebrescere.
3121 882 3357 952 Cumque

1806 961 2069 1028 baptizato
2090 967 2235 1017 omni
2261 967 2474 1033 populo,
2499 975 2552 1018 et
2582 967 2692 1034 ipse
2722 967 2952 1021 venisset
2980 967 3044 1021 ad
3079 968 3356 1035 Joannem,

1805 1059 1861 1103 ut
1889 1052 2244 1120 baptizaretur
2271 1055 2338 1108 ab
2362 1069 2447 1120 eo,
2480 1058 2738 1110 occurrit‘
2762 1058 2811 1110 ci
2855 1058 2990 1111 idem
3017 1060 3245 1114 Joannes
3268 1061 3364 1115 de-

1804 1147 1941 1192 vota:
1988 1140 2259 1194 servitutis
2286 1144 2577 1210 obsequiis,
2606 1156 2661 1196 ιιι
2704 1155 2818 1212 post
2846 1147 3106 1214 prazconia
3157 1151 3360 1204 venturi

1803 1231 1960 1284 etiam
1993 1242 2298 1297 prazsvntetn
2340 1234 2643 1297 baptizaret,
2688 1234 2992 1307 populisque
3031 1238 3122 1292 Dei
3153 1243 3354 1308 Agnum

1804 1318 2136 1384 OStenderet;
2161 1337 2218 1374 ac
2241 1322 2344 1375 tale
2376 1333 2684 1388 tantumque
2717 1311 2914 1379 mer—itis
2940 1318 3355 1396 prolicientbus,

1804 1414 1858 1461 et
1905 1410 2140 1478 martyrii
2195 1413 2446 1480 sanguine
2503 1412 2766 1480 perlectis,
2813 1417 3059 1469 virtutum
3105 1432 3355 1474 cacumen

1803 1498 2135 1562 ascenderet,
2181 1500 2265 1553 cui
2316 1502 2533 1556 innatis
2580 1505 2860 1558 mulierum
2895 1507 3145 1574 propheta
3191 1511 3361 1577 major

1805 1600 1964 1640 nctno
1993 1598 2153 1642 εεεοι.

1877 1672 2123 1728 Dominus
2143 1684 2306 1729 autent
2333 1678 2933 1734 revelaveratanriculam
2956 1683 3230 1748 Samuelis,
3253 1699 3356 1740 etc.

1806 1760 1871 1815 Et
1901 1762 2037 1818 Deus
2065 1765 2219 1820 Pater
2252 1768 2330 1820 sui
2354 1777 2557 1820 secreta
2588 1772 2822 1839 mystezii
2849 1775 3171 1852 revelaverat
3199 1776 3357 1830 Joan-

153 1851 409 1904 Dominus
435 1867 526 1919 per
547 1843 964 1910 incarnationem
988 1859 1038 1911 in
1062 1859 1336 1924 mundum,
1357 1861 1443 1914 ubi
1460 1873 1568 1916 erat
1586 1871 1698 1917 tunc

1813 1851 1886 1915 ni,
1919 1862 2161 1908 manente
2190 1855 2362 1909 adhuc
2382 1863 2520 1908 statu
2547 1837 2781 1912 Mosaicre
2809 1861 2952 1927 legis,
2981 1843 3190 1918 dicens:
3224 1866 3354 1932 Quia

145 1941 400 2006 temporis
447 1941 709 1997 maxim‘us
742 1946 1113 2014 prophetarum
1177 1949 1407 2019 Baptista
1437 1950 1704 2019 Joannes;

145 2038 404 2082 venerunt
425 2045 541 2084 cum
574 2033 661 2085 illo
681 2034 835 2086 etiam
859 2037 1024 2090 sancti
1055 2035 1217 2105 illius,
1251 2055 1351 2094 non
1383 2041 1592 2111 quidem
1614 2043 1708 2098 ite-

146 2129 265 2168 rum
297 2118 559 2171 nascendo
589 2121 637 2173 in
679 2123 894 2190 mundo,
924 2140 1028 2191 quo
1052 2125 1162 2193 jam
1211 2129 1450 2184 vixerant
1501 2140 1554 2184 ct
1603 2146 1707 2202 quo

144 2217 272 2256 eum
299 2205 477 2261 venire
523 2210 829 2277 cupiebant;
884 2214 976 2267 sed
1029 2224 1258 2270 mentem
1293 2233 1448 2272 suam
1472 2220 1538 2274 ad
1584 2236 1704 2277 eum

145 2291 308 2346 etiam
341 2293 390 2347 in
425 2293 586 2352 carne
617 2300 936 2370 diligendum
976 2307 1350 2372 retorquendo,
1380 2324 1533 2376 quem
1563 2325 1706 2366 sern-

146 2395 245 2448 per
275 2381 326 2434 in
355 2384 626 2441 divinitate
655 2400 914 2444 secretum
937 2393 1277 2460 spiritualiter
1295 2398 1559 2453 amabant.

218 2469 440 2540 Cumque
490 2477 810 2530 escenderent
859 2481 1043 2534 clivum
1089 2484 1303 2538 ciuitatis
1335 2527 1348 2549 ,
1407 2487 1702 2542 invenerunt

144 2560 365 2625 puellas,
411 2572 512 2616 etc.
544 2564 672 2618 Ctun
704 2570 1043 2637 sequentibus
1071 2587 1128 2626 se
1155 2573 1410 2645 ministris
1459 2578 1700 2634 incarna-

143 2645 308 2697 tionis
338 2661 468 2710 suas,
497 2651 782 2721 primisque
807 2657 1131 2713 credentium
1164 2661 1413 2718 Dominus
1454 2667 1698 2722 sublimia

141 2746 295 2786 novae
325 2736 444 2788 vitae
491 2748 750 2808 praecepta
800 2742 1088 2809 inchoaret,
1113 2760 1468 2816 apparuerunt
1509 2755 1700 2809 anima:

144 2820 370 2875 humiles
408 2835 461 2876 et
506 2835 684 2892 castto,
741 2829 806 2882 de
859 2847 1070 2886 suorum
1119 2836 1332 2891 latebris
1366 2849 1695 2908 peccatorum

146 2911 447 2967 conﬁtendo
490 2931 734 2985 egressae,
781 2929 936 2990 atque
964 2924 1028 2977 ad
1078 2925 1389 2983 hauriendas
1434 2944 1596 2998 aquas
1641 2933 1694 2988 in

142 3005 335 3072 gaudio
362 3007 425 3060 de
448 3008 672 3064 fontibus
702 3008 1010 3078 Salva‘toris,
1042 3017 1110 3072 ab
1158 3018 1271 3086 ipso
1314 3020 1518 3078 Joanne
1555 3039 1694 3093 pra:-

144 3098 338 3164 doctae,
365 3114 494 3169 quas
519 3100 630 3170 ipse
658 3104 910 3159 sollicitus
932 3107 1019 3172 sit,
1044 3109 1180 3175 apud
1207 3125 1296 3166 eas
1321 3111 1364 3164 si
1393 3113 1575 3168 videns
1609 3114 1692 3169 in-

1812 1944 2084 2008 pastquam
2135 1957 2282 1996 novat
2327 1944 2509 2011 gratiae
2546 1945 2684 1999 diem
2736 1947 2914 2016 liguris
2964 1948 3213 2019 legalibus
3263 1969 3356 2022 per

1811 2029 1986 2082 omnia
2012 2031 2158 2095 quasi
2184 2033 2469 2098 (equalibus
2509 2032 2754 2092 borarunt
2786 2037 2970 2104 spatiis
2997 2049 3348 2108 comparatam

1809 2119 2225 2183 manifestaveris
2255 2123 2484 2188 mundo,
2517 2124 2717 2177 mittam
2748 2125 2811 2178 ad
2843 2137 2891 2179 te
2923 2128 3089 2182 virum
3118 2133 3183 2183 do
3213 2140 3349 2194 terra
3444 2171 3452 2178 .

1810 2209 1900 2261 lilii
1928 2209 2126 2263 dextra:
2147 2251 2164 2274 ,
2200 2210 2249 2263 id
2281 2220 2385 2276 est,
2417 2213 2502 2279 qui
2533 2226 2744 2268 carnem
2775 2225 2946 2283 portet
2976 2234 3078 2273 non
3103 2220 3235 2281 virili
3263 2235 3352 2278 se.

1807 2299 1948 2350 mine
1987 2309 2321 2366 conceptam,
2357 2301 2448 2353 sed
2489 2300 2666 2354 divino
2707 2301 3044 2372 singulariter
3083 2324 3240 2375 opere
3267 2325 3353 2374 η.

1803 2401 1979 2450 cram,
2023 2389 2110 2455 qui
2153 2387 2299 2456 juxta
2341 2403 2528 2443 nomen
2570 2404 2720 2444 suum
2763 2393 2987 2448 salvabit
3024 2397 3348 2471 crediturum

1805 2475 1932 2530 mibi
1962 2479 2242 2544 populum,
2278 2478 2440 2532 Deum
2485 2479 2666 2534 videre
2710 2483 3026 2554 cupientium
3053 2523 3067 2547 ,
3110 2485 3351 2559 deputo.

1801 2575 1935 2620 state
1963 2566 2295 2620 tenebrarum
2322 2584 2336 2629 ;
2368 2569 2504 2622 hunc
2535 2569 2823 2636 baptizans,
2858 2582 2912 2626 et
2942 2576 3135 2642 Spiritu
3167 2568 3351 2642 saneto

1802 2665 2114 2726 perunctum
2146 2657 2350 2723 videns,
2381 2642 2568 2713 ducem
2603 2661 2777 2729 pepuli
2808 2662 2908 2715 tnoi
2938 2665 3137 2719 cunctis
3164 2667 3352 2734 praedi-

1800 2765 1922 2804 care
1963 2750 2201 2818 incipies.
3233 2796 3240 2803 .

1871 2836 2093 2906 Cumque
2136 2839 2431 2906 respexisset
2471 2839 2683 2895 Samuel
2725 2841 2966 2920 ﬁanlent,
3001 2842 3244 2900 Dominus
3281 2851 3353 2902 ait

1798 2927 1877 2993 ei,
1903 2937 2007 2981 etc.
2039 2929 2166 2980 Cum
2211 2927 2412 2992 videret
2456 2929 2686 2983 Joannes
2728 2931 2909 2986 Jesum
2957 2935 3250 2990 venientem
3279 2940 3344 2991 ad

1797 3032 1876 3083 se,
1917 3017 2215 3072 admonitus
2241 3031 2272 3070 a
2300 3016 2495 3087 Spiritu
2525 3027 2728 3086 sancto,
2751 3022 3002 3082 intellexit
3036 3025 3204 3092 ipsum
3227 3042 3345 3082 esse

1799 3122 1994 3177 agnum
2023 3107 2138 3170 Dei,
2161 3107 2330 3176 ipsum
2353 3108 2438 3177 qui
2464 3109 2597 3164 tollit
2620 3123 2832 3179 peccata
2854 3114 3056 3182 mundi,
3088 3117 3256 3182 ipsum
3281 3119 3348 3172 de

144 3199 396 3259 terrogat,
445 3195 563 3262 quia
585 3197 935 3252 conscientias
960 3199 1246 3256 discutiens
1272 3203 1590 3273 singulorum
1628 3207 1692 3260 ad

1805 3161 1904 3266 q‘uo
1957 3161 2196 3252 Micheas'
2242 3161 2495 3267 propheta
2549 3161 2820 3266 loquitur:
2868 3202 2935 3258 Et
2988 3161 3056 3258 tu,
3096 3161 3350 3262 Detltlernt

144 3295 202 3335 se
228 3281 569 3347 venientium,
614 3298 677 3337 an
701 3279 953 3342 Joannem
985 3289 1291 3358 prophetam
1342 3293 1695 3356 intellexerint

143 3368 411 3432 veritatis,
449 3385 514 3423 an
545 3359 822 3439 ejus'dicta
851 3389 968 3429 cum
1005 3391 1184 3434 amore
1210 3382 1570 3451 susceperint,
1615 3369 1696 3437 in-

144 3459 384 3526 vestigat.

217 3544 345 3612 Quw
371 3549 722 3616 respondentes
744 3554 979 3608 dixerunt
1000 3555 1128 3610 illis:
1166 3555 1262 3612 Hic
1287 3566 1381 3622 eat,
1423 3577 1533 3615 ecce
1573 3569 1691 3617 ante

148 3641 211 3696 te,
247 3641 347 3686 etc.
383 3634 781 3704 Rcspondentes
809 3642 998 3696 anima:
1043 3645 1308 3714 simplices
1350 3647 1567 3712 Christi,
1609 3651 1691 3705 cui

151 3717 485 3778 coriscieitlize
505 3726 821 3795 singulorum
847 3730 1096 3799 quidquid
1119 3736 1352 3802 cogitant
1373 3747 1548 3804 patet:
1574 3738 1692 3806 Hic,

149 3811 404 3882 inquiunt,
429 3815 676 3883 Joannes,
707 3818 939 3874 cmlestia
965 3822 1144 3877 videre
1171 3823 1378 3893 doctus,
1398 3842 1694 3896 praacursor

154 3903 243 3956 tibi
273 3902 435 3957 lactus
460 3916 558 3966 est,
583 3915 637 3960 et
656 3916 709 3960 tu
740 3908 956 3965 festinus
980 3912 1144 3979 illum,
1163 3931 1482 3984 qumsumus,
1505 3920 1568 3973 ad
1590 3921 1695 3974 sal-

150 3994 372 4047 vandum
429 4010 522 4048 nos
577 3997 873 4065 insequere;
931 4003 1137 4073 adjutor
1186 3996 1404 4063 enimet
1461 4011 1695 4064 liberator

150 4092 314 4135 noster
358 4099 410 4137 es
454 4094 529 4146 tu,
577 4085 803 4154 Domine,
850 4107 910 4160 ne
953 4093 1225 4147 tardaret-is
1269 4095 1438 4164 (Psal.
1490 4101 1694 4172 xxxix).

152 4168 274 4222 Nam
301 4181 352 4224 et
380 4174 465 4227 ille
487 4174 664 4238 hodie,
693 4179 791 4230 hoc
817 4190 894 4231 est
917 4180 1148 4247 ejusdem
1177 4184 1327 4252 cujus
1355 4195 1409 4238 et
1429 4194 1482 4241 tu
1512 4168 1694 4257 gratim

154 4257 372 4325 ﬁdeique
401 4260 622 4317 lucilius:
647 4268 973 4333 praedicator,
999 4273 1140 4324 venit
1169 4274 1219 4326 in
1257 4275 1530 4331 mundum.
1560 4276 1692 4342 Quia

151 4356 350 4411 tempus
389 4361 486 4412 est,
520 4359 575 4403 ut
619 4349 841 4420 populus
881 4361 1050 4412 omnis
1072 4362 1365 4437 electorum
1397 4366 1446 4419 in
1483 4370 1692 4423 excelso

1801 3283 2056 3354 Ephrata,
2087 3288 2326 3354 parvulus
2354 3304 2406 3342 es
2429 3290 2482 3343 in
2509 3290 2729 3345 millibus
2745 3290 2902 3368 Iuda,
2925 3305 3048 3351 eatte
3069 3297 3189 3349 mihi
3213 3314 3352 3372 egre-

1799 3375 1963 3429 dietur
1990 3377 2077 3446 qui
2101 3378 2165 3429 sit
2194 3377 2476 3432 dominator
2504 3381 2556 3433 in
2585 3378 2746 3434 Israel
2775 3383 2956 3453 (Misit.
2987 3385 3048 3452 ι).

1771 3494 1774 3496 ~
1871 3467 2089 3517 Accessit
2131 3464 2265 3520 Saul
2303 3467 2370 3518 ad
2414 3465 2700 3523 Samuelem
2737 3471 2788 3523 in
2812 3472 2977 3526 medio
3026 3485 3217 3544 portat,
3246 3488 3349 3534 etc.

1802 3553 1958 3607 Venit
1987 3553 2052 3607 ad
2095 3553 2355 3609 Joannem
2389 3552 2640 3613 Dominus
2667 3559 2723 3613 in
2749 3561 2978 3616 conﬁnio
3018 3564 3145 3636 legis
3186 3567 3351 3622 adimo

1798 3645 2036 3727 plendte,
2089 3655 2142 3700 et
2169 3647 2426 3702 inchoata
2466 3649 2669 3719 gratias.
2726 3650 2832 3706 Lex
2858 3653 2990 3707 enim
3028 3667 3075 3709 et
3099 3659 3352 3727 propheta:

1796 3723 1952 3809 uique
1988 3739 2056 3791 ad
2083 3737 2336 3794 Joannem
2360 3757 2383 3807 ;
2427 3758 2489 3795 ea:
2510 3759 2570 3796 eo
2590 3759 2797 3812 regnum
2847 3745 2946 3800 l‘eiv
2965 3723 3349 3819 erattgelitetttr,

1796 3841 1844 3882 et
1872 3831 2036 3882 omnis
2065 3830 2117 3882 in
2144 3830 2277 3883 illud
2302 3834 2398 3884 vim
2427 3834 2553 3901 facit
2573 3833 2787 3901 (Matth.
2822 3836 2916 3905 at).
2943 3889 2947 3892 ,
2971 3839 3033 3891 Et
3063 3839 3346 3910 interrogat

1797 3931 1917 3973 eum
1970 3921 2020 3973 in
2052 3935 2154 3991 qua
2185 3922 2255 3974 sit
2284 3923 2609 3988 humilitate,
2636 3932 3050 3994 ceterarumue
3097 3928 3342 3987 virtutum

1798 4013 2122 4080 perfectione
2150 4013 2314 4081 posita
2345 4014 2390 4068 ei
2422 4015 2739 4076 conscientia
2765 4057 2779 4081 ,
2809 4017 2899 4086 qui
2925 4024 3121 4073 tantum
3156 4021 3348 4074 divinat

1798 4103 2267 4168 contemplationis
2295 4119 2403 4172 pra:
2435 4108 2639 4160 ceteris
2672 4116 2792 4161 tunc
2833 4103 3141 4173 mortalibus
3167 4109 3347 4164 videre

1797 4192 2068 4244 meruerit.
2103 4191 2300 4244 Domus
2343 4197 2538 4261 quippe
2575 4194 2932 4272 singulorum,
2968 4195 3078 4264 ipsa
3104 4210 3183 4252 est
3221 4214 3349 4253 con-

1796 4279 2036 4344 scientia,
2067 4281 2117 4332 in
2147 4295 2248 4346 qua
2272 4295 2364 4348 per
2391 4282 2736 4349 cogitationes
2784 4295 2992 4352 semper
3033 4287 3347 4342 inhabitant.

1802 4371 2094 4441 Interrogat
2132 4379 2307 4426 autem
2349 4387 2469 4426 eum
2511 4388 2613 4427 non
2662 4375 2835 4428 verbis
2877 4377 3224 4441 sciscitando,
3256 4384 3347 4433 sed

152 4452 294 4491 novre
336 4441 747 4494 conversationis
776 4445 1005 4499 culmine
1051 4453 1365 4506 sacriﬁcium
1402 4455 1511 4510 Deo
1538 4461 1691 4526 spiri-
1715 4489 1773 4552 Β
1799 4463 1846 4516 ei
1875 4475 1968 4516 sua
1997 4461 2134 4515 dona
2165 4461 2462 4519 tribuendo.
2508 4463 2849 4532 Respondens
2871 4480 2996 4520 vero
3025 4467 3132 4530 ille,
3163 4468 3250 4520 ubi
3281 4469 3353 4521 sit

153 4529 348 4552 mum
380 4541 743 4552 “A__“__,____
780 4531 975 4552 ,μητῶ
1077 4535 1089 4547 .
1302 4543 1312 4552 .
1449 4543 1480 4552 ..
1820 4551 1827 4552 γ
2272 4551 2279 4552 κ

153 4529 348 4581 tnaliter
376 4541 746 4596 consecretur;
778 4531 1034 4602 siquidem
1077 4535 1186 4605 ipse
1226 4543 1312 4607 qtti
1345 4543 1548 4598 medius
1591 4562 1690 4599 no-

151 4626 329 4680 strum,
356 4621 575 4673 necdum
607 4622 810 4688 agnitus
837 4627 1390 4697 consist's,postquam
1415 4644 1464 4686 te
1492 4635 1689 4689 mundo

152 4709 475 4763 manifestare
510 4713 786 4780 voluerim,
842 4719 1016 4772 statim
1064 4720 1297 4776 invenies
1351 4738 1469 4776 eum
1517 4725 1580 4779 ad
1613 4727 1689 4779 tui

150 4797 392 4851 adventus
443 4800 687 4869 obsequia
746 4818 1005 4871 paratum.
1060 4811 1236 4878 Neque
1269 4815 1410 4868 enim
1449 4817 1531 4868 vel
1580 4817 1690 4885 ipse

151 4893 295 4940 tanta:
324 4888 503 4956 gratia:
530 4889 628 4951 vir,
671 4900 947 4960 antequam
988 4904 1038 4950 te
1069 4899 1252 4955 videre
1296 4905 1564 4967 meruerit.
1599 4917 1688 4960 aut

152 4985 339 5028 summa
366 4977 611 5032 virtutum
658 4979 858 5048 fastigia
900 4988 1274 5053 conscendere,
1323 5001 1411 5045 aut
1442 4993 1688 5060 perlectis

153 5065 308 5127 gaudii
336 5067 617 5134 spiritualis
644 5078 815 5135 potest
839 5071 1061 5139 dapibus
1091 5077 1259 5130 refici.

218 5151 388 5222 Neque
433 5158 571 5210 enim
595 5171 997 5228 comesturuslest
1025 5165 1258 5234 populus,
1314 5169 1472 5224 donec
1499 5174 1585 5227 ille
1610 5191 1690 5229 ινι-

153 5240 380 5306 uiat,etc.
397 5244 574 5314 Neque
592 5250 731 5303 enim
755 5253 937 5320 vulgus
960 5251 1279 5322 imperitum,
1305 5258 1688 5327 inquiunt,dul-

152 5331 374 5386 cedinem
401 5343 572 5400 potest
616 5340 736 5392 vita:
767 5343 1017 5409 caelestis,
1046 5359 1073 5398 a
1103 5361 1200 5414 qua
1227 5346 1314 5400 diu
1339 5346 1446 5418 jam
1476 5354 1688 5407 exsula-

155 5415 264 5487 bat,
313 5422 574 5488 sperando
627 5425 936 5496 degustare,
995 5433 1162 5489 donec
1209 5435 1296 5490 ille
1340 5415 1552 5504 veniat,
1599 5443 1686 5507 qui

155 5512 498 5575 pmtiitentiam
522 5517 799 5582 agentibus
847 5535 1064 5591 regnum
1094 5527 1352 5581 caelorum
1405 5533 1686 5598 appropin-

153 5613 297 5662 quare
349 5611 585 5658 testetur.
635 5603 763 5670 Quia
811 5608 919 5676 ipse
942 5613 1109 5678 primo
1132 5629 1243 5679 eos,
1270 5618 1354 5685 qui
1397 5617 1562 5673 b05tia
1596 5620 1685 5674 Dci

155 5690 253 5745 viva
301 5692 412 5749 lleri
459 5693 776 5758 desiderant,
825 5699 1058 5766 pristinis
1111 5707 1380 5762 erroribus
1420 5711 1686 5780 castigatis

1798 4551 1986 4604 domus
2013 4564 2105 4603 sua
2149 4551 2359 4617 pandit;
2408 4553 2525 4618 quia
2571 4553 2622 4604 in
2671 4553 2872 4606 cunctis
2902 4568 2959 4606 se
2987 4569 3102 4622 qua:
3131 4555 3347 4620 gerebat

1798 4638 2100 4702 virtutibus,
2133 4640 2184 4692 in
2211 4641 2520 4694 humilitatis
2544 4643 2814 4696 mansione
2846 4643 3068 4710 positum
3091 4643 3345 4708 ostendit;

1795 4726 1952 4781 Illum
1977 4771 1991 4794 ,
2026 4730 2299 4796 inquiens,
2351 4742 2544 4801 oportet
2574 4750 2792 4788 crescere
2814 4775 2829 4799 ,
2873 4752 2949 4788 tne
2975 4746 3140 4792 autem
3186 4739 3343 4791 minui

1793 4816 1968 4884 (Joan.
2018 4819 2124 4880 ιιι).
2178 4819 2239 4872 Et
2277 4832 2466 4874 caetera
2510 4825 2628 4876 talia
2653 4864 2668 4886 ,
2709 4824 2896 4892 quibus
2935 4830 3204 4895 sequentia
3247 4829 3343 4882 Sa-

1792 4909 1982 4962 muelis
2009 4910 2276 4974 aptissime
2302 4915 2619 4965 conveniunt
2658 4929 2927 4982 responsa.

1864 4996 1931 5050 Et
1957 4996 2212 5064 respondit
2236 4995 2442 5050 Samuel
2466 4998 2633 5063 Sauli,
2656 5001 2824 5053 dicens
2847 5017 2866 5053 :
2893 5001 2997 5070 Ego
3016 5020 3129 5058 sum
3154 5007 3346 5073 videns,

1795 5097 1898 5141 etc.
1935 5086 2222 5154 Respondit
2250 5087 2478 5141 Joannes
2499 5127 2515 5153 ,
2549 5087 2771 5143 Domino
2795 5092 3028 5146 caelestia
3071 5098 3170 5149 sibi
3206 5097 3343 5152 dona

1794 5175 2078 5245 largiente,
2109 5174 2289 5228 dicens
2315 5193 2328 5228 :
2365 5175 2471 5243 Ego
2496 5178 2696 5231 amicus
2734 5178 2924 5245 Sponsi
2949 5197 2964 5244 ;
2991 5195 3088 5248 ego
3119 5197 3341 5248 praecor-

1792 5280 1883 5319 sor
1915 5273 2032 5317 tuus
2059 5277 2175 5316 sum
2202 5279 2217 5326 ;
2247 5277 2346 5331 ego
2371 5277 2400 5314 a
2430 5272 2481 5314 te
2509 5263 2676 5317 debeo
2706 5265 2979 5332 baptizari,
3007 5271 3092 5337 qui
3122 5285 3228 5338 pra:
3258 5288 3342 5328 me

1791 5357 2042 5417 veniens,
2073 5361 2194 5404 ante
2223 5367 2307 5406 me
2338 5352 2502 5406 lactus
2531 5368 2607 5408 es.
2643 5355 2706 5408 Et
2754 5357 2960 5424 quidem
2995 5360 3105 5428 ipse
3147 5379 3282 5418 ηυηο
3314 5381 3343 5419 a

1793 5459 1878 5497 me
1908 5443 2167 5512 baptisma
2209 5459 2325 5496 cum
2358 5444 2550 5512 populo
2594 5447 2919 5502 credentium
2948 5453 3178 5520 accipies
3200 5495 3214 5518 ,
3246 5471 3343 5523 pa-

1793 5534 1920 5586 riter
1945 5531 2278 5588 audientibus
2325 5533 2480 5587 ambo
2510 5533 2670 5599 dapes
2699 5536 2844 5589 verbi
2895 5540 3340 5608 ministrabimus,

1790 5634 1947 5694 atque
1989 5622 2086 5692 ipsi
2129 5621 2358 5678 vicissim
2403 5623 2720 5679 audientium
2773 5626 2872 5681 fide
2914 5629 3198 5687 rclicimur.
3235 5633 3339 5689 Ye-

1793 5731 1906 5770 rum
1939 5724 2038 5771 tuae
2068 5712 2153 5770 ubi
2183 5713 2387 5772 cunctis
2412 5716 2597 5784 gratiae
2625 5717 2874 5786 splendor
2901 5720 3127 5779 illuxcrit
3146 5766 3163 5789 ,
3196 5726 3339 5781 linito
