3916 6260
515 404 613 458 εδει

983 406 1181 458 untur;
1225 403 1668 458 VENEIMBILIS
1708 403 1991 460 orenuu
2033 402 2211 460 rans
2249 403 2310 458 ιι.
2353 434 2418 446 -
2461 405 2842 461 ειιεδιςτιιιιι
2886 386 3201 464 cautum.

3640 418 3730 470 560

513 531 645 572 una:
693 516 1058 583 prmcursiouis
1105 515 1279 568 ofﬁcio
1305 554 1319 574 ,
1350 522 1400 565 te
1432 511 1720 580 prmdicare
1769 511 2060 573 dimittam,
2092 511 2138 566 Δ
2170 529 2450 594 mensuram
2495 518 2579 567 dat
2615 515 2748 570 Deus
2781 517 3048 585 Spiritum.
3087 509 3257 574 ~Pater
3290 494 3464 594 diligit
3507 524 3722 592 Filium,

512 609 797 681 junctaque
839 607 962 659 mihi
994 606 1155 658 thoro
1203 602 1609 671 praecedentium
1661 600 2059 669 prophetarum,

514 700 688 753 omnia
721 698 1048 766 temporariae
1069 685 1484 763 dispensationis
1515 703 1616 746 tute
1647 692 1895 762 mysteria
1939 691 2066 742 lide-

514 789 639 842 lium
669 789 830 842 turbis
852 829 867 853 ,
900 789 1146 842 membris
1177 787 1356 854 utique
1383 786 1508 848 tuis,
1553 784 1785 837 indicare
1811 781 2023 836 curabo.

586 901 647 954 Et
673 904 734 955 de
760 902 911 953 asinis
938 917 1063 969 quas
1093 899 1350 965 perdid‘sti
1378 897 1756 958 nudiustertius,
1787 911 1850 946 ne
1877 893 2063 946 sollici-

513 1002 608 1054 tus,
642 999 741 1044 etc.
778 992 836 1040 lit
865 991 927 1041 de
946 985 1225 1040 animabus
1259 1001 1373 1054 qua:
1405 995 1639 1050 tempore
1670 983 1827 1036 tertio
1857 981 2059 1046 saeculi,

516 1084 562 1133 id
606 1090 706 1144 est,
743 1079 919 1132 mundi
953 1077 1212 1130 nascentis
1259 1075 1473 1130 exordio
1499 1115 1512 1138 ,
1547 1075 1718 1142 perire
1762 1078 2059 1137 creperum,

507 1169 697 1236 gaude,
725 1170 842 1236 quia
872 1183 954 1220 me
983 1168 1299 1234 prmdicante
1326 1166 1431 1234 jam
1481 1163 1796 1231 resipiscere
1823 1203 1836 1224 ,
1868 1171 1919 1215 et
1946 1170 2060 1214 acta

510 1259 814 1324 paenitentia
842 1273 1055 1319 regnum
1079 1257 1328 1309 coriorum
1355 1268 1568 1321 sperare
1594 1252 1908 1305 didicerunt.
1937 1252 2058 1303 Tria

510 1361 761 1412 tempora,
793 1356 913 1400 ante
943 1347 1105 1413 legem
1128 1390 1140 1409 ,
1175 1345 1271 1397 sub
1303 1346 1412 1410 lege
1440 1381 1455 1405 ,
1487 1342 1584 1394 sub
1613 1340 1778 1408 gratia
1807 1340 2059 1408 intelligo.

578 1434 641 1488 Et
669 1443 813 1506 cujus
842 1447 983 1489 erunt
1012 1439 1198 1504 optima
1225 1451 1434 1503 qumque
1466 1433 1674 1486 Israel?
1705 1442 1806 1486 etc.
1856 1434 1919 1485 Et
1943 1433 2059 1500 quis

505 1531 599 1579 crit
631 1529 808 1592 gratim
839 1543 992 1594 quam
1027 1528 1250 1592 praedico
1283 1527 1495 1592 largitur
1523 1535 1680 1591 atque
1707 1534 1923 1588 auctor,
1957 1523 2057 1576 nisi

508 1627 557 1668 tu
582 1618 603 1668 ?
650 1616 797 1682 cujus
835 1617 1008 1668 omnia
1055 1629 1168 1670 eSse
1195 1629 1521 1682 qua’cunque
1567 1613 1724 1667 habet
1754 1612 1908 1665 Pater
1930 1653 1944 1677 ,
1974 1628 2059 1665 re-

505 1708 737 1759 etiasime
766 1707 1101 1760 conﬁtentur.
1151 1705 1354 1768 Optima
1389 1706 1526 1757 enim
1564 1703 1721 1756 Israel
1769 1710 1892 1755 sunt
1921 1701 2056 1754 dona

502 1797 789 1850 (‘tBlCSlilJln
818 1791 1120 1863 gaudiorum
1143 1836 1156 1858 ,
1188 1811 1300 1861 qu;u
1343 1795 1522 1846 domui
1572 1793 1738 1846 Patris
1766 1791 1850 1845 sui
1881 1791 1968 1860 qui
2002 1790 2054 1843 in

503 1885 650 1938 caelis
687 1895 762 1936 est
806 1885 1079 1935 ministrat.

573 1997 817 2065 Nunquid
840 2015 937 2048 non
968 1997 1103 2062 filius
1133 1993 1317 2048 Jcmini
1343 2012 1433 2064 ego
1461 2011 1572 2047 sum
1601 1997 1661 2046 de
1687 1995 1893 2046 minima
1920 1994 2051 2046 tribu

501 2086 697 2139 Israel?
717 2096 817 2141 etc.
855 2088 915 2139 Et
947 2088 1196 2140 Dominus
1225 2096 1469 2140 contenta
1499 2087 1847 2154 superborum
1878 2100 2055 2154 prosu-

500 2183 604 2246 pia,
641 2194 896 2247 pauperes
923 2190 1186 2245 parentes,
1212 2191 1265 2231 et
1287 2180 1511 2232 Immites
1542 2177 1750 2245 spiritu,
1781 2177 1847 2230 de
1865 2179 2054 2245 quibus

501 2283 803 2326 u..sceretur
827 2312 841 2334 ,
875 2272 1058 2337 elegit;
1101 2282 1150 2323 et
1181 2271 1292 2336 ipse
1321 2270 1386 2322 de
1412 2283 1470 2323 se
1495 2270 1763 2336 loquitur:
1815 2268 1921 2334 Ego
1955 2267 2052 2321 nim

495 2380 659 2429 quer
679 2363 890 2432 gloriam
915 2379 1070 2413 meum
1087 2359 1258 2426 (Joan.
1284 2360 1415 2426 VIII).
1438 2361 1493 2412 Et
1519 2360 1734 2427 pulchre
1760 2360 1883 2414 Saul
1913 2360 2050 2412 tilius

495 2452 703 2514 Jetuini,
749 2451 795 2503 id
827 2461 907 2503 est
936 2452 1167 2503 dextera:
1217 2466 1344 2502 mete
1392 2452 1614 2514 dicitur,
1647 2450 1763 2516 quia
1812 2451 1921 2516 ipse
1951 2450 2048 2502 sibi

494 2525 732 2596 Christus
761 2557 827 2594 ex
862 2541 1150 2593 divinitatis
1189 2555 1296 2594 sum
1328 2543 1554 2604 potentia
1599 2541 1839 2594 condidit
1881 2541 2051 2594 homi-

497 2634 576 2687 nis
602 2632 966 2696 substantiam,
1014 2647 1167 2699 quam
1200 2646 1266 2685 ex
1299 2635 1500 2699 virgine
1547 2631 1844 2683 nasciturus
1884 2629 2049 2683 susci-

497 2732 679 2784 peret;
713 2724 856 2786 juxta
891 2721 1025 2785 quod
1057 2723 1175 2772 alibi
1211 2721 1398 2786 legitur
1427 2738 1436 2770 ε
1490 2717 1755 2783 Sapientia
1781 2719 2048 2786 ardiﬁcavit

495 2813 584 2864 sibi
611 2813 816 2862 domum
845 2809 1015 2873 (Prov.
1053 2809 1152 2877 ix).
1188 2807 1408 2861 l’ulchre
1438 2809 1502 2861 de
1531 2808 1841 2875 cognatione
1871 2809 2048 2859 novis-

494 2904 621 2956 sima
652 2904 787 2954 inter
817 2916 1000 2953 omnes
1050 2901 1271 2953 familias
1319 2903 1486 2952 tribus
1539 2900 1809 2967 Benjamin
1839 2940 1854 2964 ,
1885 2900 1934 2952 id
1966 2910 2048 2953 est

495 2991 585 3044 liii
617 2991 868 3043 dexterm.
903 2989 1061 3041 Filius
1093 2989 1230 3041 enim
1261 2989 1489 3041 dexterzc
1518 2987 1756 3041 Christus
1788 2989 1922 3043 Deus
1945 2996 2047 3053 est,

493 3077 555 3131 ad
582 3079 733 3145 cujus
765 3077 955 3130 tribum
992 3078 1252 3145 pertinent
1297 3091 1480 3130 omnes
1504 3079 1657 3132 electi
1687 3095 1702 3142 ;
1734 3079 1828 3132 sed
1852 3086 2048 3142 quanto

495 3172 710 3239 quisque
739 3171 876 3224 inter
921 3178 1129 3222 sanctos
1176 3169 1421 3221 humilior
1445 3210 1459 3233 ,
1494 3177 1639 3221 tanto
1668 3168 1740 3220 i‘li
1779 3179 1866 3222 est
1894 3170 2042 3235 quasi
2072 3159 2119 3221 C

496 3258 661 3309 vicina
711 3257 1026 3324 cognatione
1075 3254 1450 3321 conjunctior;
1504 3257 1620 3321 quia
1653 3265 1706 3308 et
1735 3257 1847 3322 ipse
1895 3257 2053 3309 homo

495 3348 732 3400 Christus
758 3387 770 3408 ,
808 3355 860 3398 ut
890 3345 1081 3398 celsior
1132 3342 1402 3411 majestate
1429 3383 1443 3406 ,
1476 3343 1546 3395 ita
1576 3345 1772 3398 sanctis
1803 3347 2050 3398 omnibus

497 3444 573 3488 est
603 3434 907 3486 humilitatis
943 3434 1128 3486 virtute
1156 3431 1509 3500 prmstantior.

564 3545 830 3595 Assumens
869 3543 1035 3606 itaque
1074 3541 1283 3594 Samuel
1333 3539 1541 3594 Saulem
1590 3551 1634 3593 et
1677 3557 1884 3608 puerum
1911 3543 2046 3608 ejus,

498 3631 771 3682 introduxit
804 3645 885 3681 eos
928 3631 978 3678 in
1021 3629 1294 3680 triclinium
1321 3669 1334 3690 ,
1363 3640 1465 3681 etc.
1517 3628 1819 3682 Tricliuium
1868 3631 2051 3683 Cra-ce

499 3723 846 3775 rmnacnlum.
878 3719 1132 3773 Tricliuus
1156 3719 1345 3773 dicitur
1363 3721 1609 3782 ctenatio,
1639 3736 1664 3771 a
1694 3720 1858 3774 tribus
1889 3721 2049 3775 lectu-

505 3815 568 3865 lis
598 3815 1036 3868 discumbentium
1072 3815 1141 3866 ita
1179 3824 1441 3868 vocatum.
1492 3815 1663 3869 Klinin
1695 3816 1837 3869 enim
1864 3816 2049 3871 Grmce

501 3908 710 3968 lectum,
739 3908 852 3960 sive
879 3907 1171 3960 accubitum
1198 3906 1396 3959 dicunt.
1444 3906 1712 3973 Siquidem
1740 3906 1876 3972 apud
1909 3916 2050 3959 vete-

503 4011 587 4049 res
620 3999 668 4048 in
703 3998 817 4048 loco
848 3999 932 4048 ubi
961 4010 1241 4064 apparatus
1269 3999 1628 4066 exponebatur
1657 3997 1906 4062 convivii,
1944 4009 2048 4050 tres

498 4087 671 4139 lectuli
703 4087 848 4137 strati
895 4097 1046 4139 erant
1071 4126 1085 4148 ,
1116 4090 1164 4140 in
1197 4091 1384 4156 quibus
1430 4087 1823 4142 discumbentes
1869 4088 2052 4157 epula-

498 4174 702 4228 bantur.
760 4176 935 4242 Itaque
966 4175 1193 4232 Jnannes
1237 4180 1426 4230 multos
1475 4179 1538 4230 ad
1570 4182 1751 4247 epulas
1799 4179 2047 4232 virtutum

496 4265 826 4333 prmdicando
869 4279 1204 4331 convincaas,
1254 4269 1501 4322 omnibus
1551 4269 1632 4321 his
1678 4267 1944 4320 Christum
1997 4276 2048 4320 et

495 4357 760 4420 apostolos
789 4355 923 4418 ejus,
960 4358 1164 4407 tametsi
1199 4366 1318 4420 pust
1347 4355 1619 4408 venientes
1643 4395 1657 4420 ,
1690 4355 1922 4421 praetulit
1949 4370 1963 4416 ;
1997 4365 2049 4408 et

500 4447 707 4506 merito,
741 4444 859 4511 quia
901 4458 1006 4496 non
1036 4445 1131 4496 nisi
1168 4459 1258 4510 per
1288 4445 1404 4511 ejus
1431 4445 1685 4512 baptisma
1711 4485 1726 4509 ,
1759 4447 1896 4513 quod
1928 4446 2044 4500 illo-

499 4551 610 4587 rum
645 4532 932 4586 ministerio
959 4534 1070 4585 dari
1107 4536 1406 4600 incipiebat,
1441 4537 1608 4602 potuit
1638 4533 1779 4602 regni
1812 4536 2044 4591 caelestis

494 4626 610 4676 aula
643 4626 884 4677 reserari.
915 4623 1073 4676 Erant
1101 4626 1237 4676 enim
1261 4639 1390 4691 quos
1414 4624 1700 4689 itnbuehat,
1729 4625 2043 4695 Decatogum

503 4716 631 4784 legis
661 4730 751 4780 per
780 4716 1099 4783 agnitionem
1131 4724 1327 4767 sancite
1357 4716 1860 4769 TrltlllilllS‘fOl‘lllel'
1886 4726 1940 4770 et
1967 4717 2046 4770 in-

498 4805 747 4871 fatigabili
780 4820 950 4858 mente
981 4806 1315 4872 eompleturi.

569 4894 804 4983 Dixitque
832 4916 1040 4968 Samuel
1070 4895 1188 4967 coco
1219 4932 1235 4967 :
1288 4914 1364 4966 Da
1395 4923 1586 4976 partem
1614 4932 1762 4982 quam
1792 4917 1908 4969 dedi
1935 4917 2042 4981 tibi,

504 5015 606 5056 etc.
643 5004 772 5054 ltiin
808 5003 1037 5055 Joannes
1069 5017 1177 5055 sua:
1207 5003 1367 5068 ipsius
1397 5001 1614 5068 lingua,
1647 5020 1761 5071 qua:
1791 5005 2049 5069 audientig

506 5093 596 5145 bus
627 5092 872 5144 alimenta
903 5091 1019 5141 vitm
1046 5091 1250 5144 solebat
1276 5090 1526 5143 adhibere
1560 5110 1570 5142 :
1605 5091 1836 5149 Prazdica
1866 5101 2047 5161 poten-

500 5177 586 5234 urt-
619 5180 890 5247 singularis
924 5181 1164 5233 virtutem
1192 5220 1205 5244 ,
1236 5196 1392 5248 quam
1425 5183 1648 5249 praecepi
1683 5184 1796 5247 tibi,
1830 5193 1886 5236 ut
1917 5184 2047 5236 nulli

502 5285 634 5337 puro
658 5270 850 5322 homini
881 5269 1052 5323 datam
1085 5273 1307 5323 diceres‘.
1357 5274 1425 5324 At
1453 5273 1539 5324 illa
1567 5289 1686 5326 mox
1738 5274 2048 5340 prOphetico

502 5360 646 5414 cordi
672 5360 1038 5426 obtemperans
1066 5400 1079 5423 ,
1114 5361 1330 5425 protulit
1359 5361 1548 5414 divinae
1579 5364 1746 5414 solum
1782 5364 1953 5417 virtuti
1987 5381 2048 5421 ac

504 5451 759 5518 maiestati
783 5451 941 5503 verba
965 5465 1213 5518 congrua.
1243 5451 1305 5504 Et
1327 5453 1437 5506 haec
1461 5451 1731 5506 Mediatori
1757 5455 2045 5522 hominutn,

505 5541 698 5591 nomini
730 5539 852 5592 Jesu
886 5541 1095 5594 Christo
1123 5543 1407 5596 convenire
1454 5542 1794 5608 perhibebat.
1828 5548 2042 5603 dicens:

508 5627 604 5690 Qui
628 5627 767 5677 habet
796 5644 1030 5692 sponsam
1057 5646 1267 5696 sponsus
1291 5641 1393 5694 est;
1424 5643 1468 5684 et
1488 5633 1574 5698 qui
1595 5633 1656 5686 de
1675 5651 1873 5690 sursum
1897 5642 2046 5705 venit,

502 5736 649 5790 super
678 5735 845 5771 omnes
874 5731 943 5772 est
976 5721 1151 5789 (Joan.
1181 5721 1288 5781 ἰιι).
1323 5726 1386 5778 Ει
1415 5728 1601 5781 iterum
1627 5747 1639 5782 :
1678 5730 1792 5785 Non
1822 5735 1951 5787 enim
1982 5737 2048 5788 ad

2167 615 2212 653 rt
2239 586 2406 677 omnia
2435 604 2574 657 dedit
2601 608 2653 658 in
2684 622 2834 659 manu
2862 609 2969 676 ejus
2991 609 3197 679 (lbid.).

2240 690 2475 761 Dixitque
2513 695 2766 749 Samuel:
2819 696 2944 751 Ecce
2983 701 3117 766 quod
3146 703 3394 754 remansit
3448 721 3588 772 pano
3632 719 3735 760 ante

2169 790 2232 845 te,
2265 790 2368 836 etc.
2421 783 2562 836 Dixit
2592 785 2823 838 Joannes
2852 785 3084 848 Christo,
3117 792 3384 857 magualia
3416 792 3614 845 divina-
3637 795 3732 846 vir-

2171 872 2293 924 tutis
2321 871 2434 940 ejus
2464 876 2742 928 enuntians
2769 894 2779 927 :
2831 875 3024 930 Omnes
3055 879 3268 946 quidem
3319 896 3458 949 quos
3489 885 3556 934 ad
3587 884 3730 938 fidem

2166 969 2222 1014 ct
2254 962 2615 1026 ptenitentiam
2646 980 2942 1020 convocare
2974 969 3140 1034 potui,
3171 970 3355 1023 virtuti
3389 985 3611 1039 operam
3644 975 3728 1026 da-

2167 1069 2224 1107 re
2252 1055 2412 1108 suasi.
2437 1054 2629 1109 Verum
2655 1057 2778 1126 quia
2803 1073 2900 1112 nos
2928 1058 2979 1112 in
3006 1061 3279 1128 iniquitate
3304 1066 3576 1129 concepti,
3603 1075 3659 1120 et
3690 1069 3731 1118 in

2165 1146 2369 1201 delictis
2397 1147 2546 1215 editi,
2579 1150 2818 1217 quamvis
2861 1153 3080 1207 multum
3112 1155 3345 1210 nitentes
3370 1199 3386 1223 ,
3423 1171 3648 1225 peccato
3674 1159 3729 1212 ad

2166 1235 2421 1305 integrum
2453 1252 2637 1293 carere
2661 1280 2677 1305 ,
2728 1251 2779 1293 et
2821 1243 3027 1298 virtutis
3057 1259 3240 1298 arcem
3275 1249 3732 1314 comprehendere

2165 1331 2478 1394 nequimus;
2514 1340 2566 1382 tu
2609 1332 2695 1398 qui
2731 1332 2960 1386 Verbum
3013 1350 3136 1389 caro
3181 1337 3351 1392 fartus
3381 1354 3442 1394 es
3470 1340 3649 1410 (locu.
3675 1340 3728 1407 ι),

2167 1415 2382 1481 perfecti
2412 1433 2505 1485 per
2533 1419 2707 1474 omnia
2741 1422 2980 1478 vincendi
3012 1441 3072 1478 ac
3101 1427 3352 1492 docendi,
3388 1418 3531 1497 quasi
3555 1440 3729 1483 nostra

2167 1503 2420 1572 fragilitas
2445 1522 2546 1560 non
2578 1511 2738 1573 capit,
2771 1511 2995 1579 dapibus
3021 1529 3261 1572 vescere.
3295 1517 3368 1573 De
3396 1520 3586 1588 quibus
3621 1535 3729 1586 pro-

2167 1595 2302 1649 fecto
2339 1597 2564 1664 dapibus
2592 1601 2705 1667 ipse
2735 1602 2978 1658 Salvator
3003 1607 3178 1662 aiebat
3210 1626 3221 1660 :
3267 1608 3420 1662 Meus
3459 1611 3597 1663 cibus
3618 1621 3727 1674 est,

2163 1698 2214 1739 ut
2243 1690 2428 1756 faciam
2467 1690 2776 1745 voluntatem
2804 1695 2911 1762 ejus
2947 1696 3032 1764 qui
3063 1699 3198 1749 misit
3230 1715 3341 1762 me,
3396 1709 3451 1752 ut
3481 1701 3730 1765 perlitiasl

2165 1796 2291 1848 Opus
2321 1785 2432 1851 ejus
2460 1780 2661 1850 (Joan.
2697 1785 2791 1853 tv).
2839 1785 2985 1840 Tunc
3013 1799 3187 1842 autem
3224 1790 3389 1845 verba
3440 1791 3728 1857 ltujusmodi

2197 1837 2206 1848 .
2341 1837 2359 1851 .
2465 1837 2476 1850 ι
2754 1837 2787 1853 ,κ
3016 1837 3187 1842 νην-ω
3236 1837 3389 1845 πν--η
3440 1837 3643 1857 -ν-ν-τη
3686 1837 3726 1843 --

2091 1837 2131 1894 Β
2158 1869 2362 1921 dicebat
2397 1870 2436 1922 D
2460 1871 2618 1924 imino
2661 1873 2913 1940 Joannes,
2947 1886 2998 1930 ct
3033 1890 3152 1930 cum
3195 1878 3312 1947 ejus
3360 1879 3726 1933 celsitudinem

2155 1965 2207 2008 et
2255 1959 2498 2012 humana:
2542 1961 2863 2015 conditionis
2911 1963 3249 2034 fragilitatem
3307 1972 3727 2022 commemorans

2154 2050 2225 2102 ait
2250 2065 2263 2102 :
2299 2049 2400 2114 Qui
2427 2061 2500 2103 est
2533 2053 2593 2104 de
2624 2062 2774 2118 terra,
2794 2055 2855 2107 de
2886 2065 3019 2108 terra
3045 2067 3139 2118 est,
3163 2067 3210 2112 et
3231 2059 3296 2110 de
3327 2068 3461 2112 terra
3491 2061 3724 2128 loquitur;

2153 2141 2240 2208 qui
2267 2151 2433 2194 autem
2462 2141 2525 2196 de
2553 2143 2674 2196 cwlo
2703 2146 2869 2210 venit,
2926 2163 3080 2215 supra
3107 2163 3281 2202 omnes
3313 2160 3384 2202 est
3415 2149 3591 2218 (Joan.
3625 2164 3679 2202 ιιι
3705 2181 3728 2204 ο

2225 2231 2291 2283 Et
2317 2223 2530 2285 comedit
2560 2233 2694 2286 Saul
2740 2250 2853 2287 cum
2885 2234 3097 2290 Samuel
3143 2238 3200 2289 in
3230 2239 3316 2291 die
3343 2239 3437 2291 illa
3459 2280 3474 2302 ,
3517 2249 3618 2291 etc.
3667 2238 3726 2291 Et

2155 2322 2471 2388 praedicabat
2502 2323 2750 2379 Dominus
2797 2340 2918 2380 cum
2955 2327 3161 2383 Joanne
3213 2329 3267 2381 in
3296 2329 3515 2396 oppidio
3563 2329 3724 2400 gratia

2154 2413 2391 2484 fulgenti,
2422 2430 2587 2482 usque
2614 2414 2739 2469 dum
2773 2417 3067 2471 mitteretur
3096 2421 3146 2470 in
3173 2432 3450 2473 carcerem
3473 2419 3722 2480 Joannes.

2150 2504 2332 2559 dicens
2381 2505 2447 2560 de
2475 2505 2754 2558 credituris
2802 2507 2900 2559 sibi
2929 2507 3134 2574 populis
3166 2526 3178 2560 :
3219 2506 3331 2578 Ego
3375 2510 3544 2562 cibum
3573 2511 3725 2561 habet:

2153 2596 2489 2658 manducare,
2519 2612 2670 2664 quem
2710 2612 2796 2649 vos
2847 2612 2946 2648 non
2977 2598 3117 2650 scitis
3168 2595 3370 2666 (Joan.
3403 2600 3500 2668 tv).
3539 2597 3601 2651 Et
3623 2614 3723 2651 non

2153 2686 2322 2740 solum
2349 2683 2595 2752 perfectis
2621 2687 2723 2739 alta
2755 2688 3005 2740 virtutum
3028 2688 3390 2752 ascendendo,
3419 2691 3510 2742 sed
3536 2688 3723 2742 inﬁmis

2153 2774 2456 2843 quibusque
2486 2775 2962 2830 cundescendendo
2990 2817 3003 2838 .
3036 2778 3338 2830 communia
3382 2777 3593 2832 vivendi
3622 2788 3723 2830 tra-

2150 2864 2333 2918 didere
2381 2865 2646 2929 mandata,
2684 2868 2767 2921 his
2797 2867 3032 2923 dicentes
3064 2888 3076 2921 :
3125 2869 3336 2924 Vendile
3365 2888 3479 2938 qua!
3503 2872 3721 2941 posside-

2152 2955 2236 3019 tis,
2268 2967 2314 3006 ct
2345 2956 2462 3007 date
2486 2957 2854 3025 eleemosyuam
2883 2961 2900 3025 (
2928 2959 3055 3011 Luc.
3092 2961 3190 3027 xu)
3217 2943 3236 3025 i;
3269 2960 3376 3013 illis
3406 2977 3532 3016 vero
3562 2979 3575 3013 :
3606 2959 3720 3014 Non

2152 3041 2477 3096 homicidium
2508 3045 2686 3114 facies,
2714 3062 2813 3099 non
2845 3034 3154 3101 adulterabis
3175 3048 3394 3117 (Matth.
3425 3055 3558 3118 arx).

2226 3132 2289 3182 Et
2319 3134 2514 3186 locutus
2538 3145 2610 3188 est
2639 3151 2752 3187 cum
2784 3135 2913 3189 Saul
2941 3136 2991 3187 in
3013 3134 3225 3203 salario,
3259 3148 3362 3190 etc.
3395 3137 3622 3192 Locutus
3642 3147 3719 3191 est

2152 3220 2384 3276 Joannes
2432 3237 2550 3279 cum
2585 3225 2805 3278 Domino
2856 3222 2907 3277 in
2935 3225 3131 3279 lumine
3160 3227 3388 3294 cognita:
3437 3226 3717 3280 divinitatis

2152 3311 2315 3366 illius.
2361 3310 2627 3366 Solarium
2659 3315 2852 3383 quippe
2895 3316 3058 3382 (quod
3111 3329 3308 3370 nomen
3366 3317 3528 3370 trahit
3560 3332 3622 3370 ex
3653 3329 3716 3370 eo

2149 3402 2288 3468 quod
2320 3417 2427 3470 pra:
2453 3405 2727 3458 altitudine
2771 3405 2850 3457 sui
2900 3405 3046 3472 prius
3093 3405 3336 3459 aediliciis
3384 3405 3714 3460 inferioribus

2148 3492 2249 3542 orti
2276 3492 2403 3543 solis
2427 3491 2582 3558 jubar
2607 3493 2873 3559 excipiat)
2903 3493 3109 3545 illorum
3155 3494 3409 3547 nimirum
3456 3495 3612 3548 corda
3637 3496 3712 3547 si.

2148 3580 2392 3648 gnificat,
2425 3581 2617 3648 quibus
2663 3595 2693 3634 a
2723 3583 2946 3636 terrenis
2993 3582 3272 3636 desideriis
3317 3584 3497 3637 divino
3529 3585 3712 3638 timore

2147 3670 2419 3736 suspensis
2443 3710 2458 3735 ,
2489 3670 2796 3726 lan'iiliarius
2831 3672 3001 3724 oritur
3026 3673 3114 3726 Sol
3139 3670 3394 3744 justitim.
3414 3674 3545 3727 Cum
3573 3674 3708 3727 enim

2149 3772 2390 3828 uterque,
2419 3758 2672 3814 Dominus
2712 3759 2954 3814 videlicet
2993 3770 3047 3814 et
3075 3761 3329 3827 Joannes,
3357 3774 3711 3833 sua‘pmpter

2149 3867 2303 3920 quam
2333 3851 2525 3905 missus
2550 3861 2632 3905 est
2654 3853 3062 3920 dispensationis
3088 3853 3391 3908 inclinasset
3417 3855 3709 3916 exordium,

2149 3955 2400 4008 novaeque
2429 3940 2557 3994 lucis
2597 3941 2765 4011 gratia
2793 3942 3011 4018 'jamjam
3046 3943 3243 3997 mundo
3283 3945 3485 3998 clarere
3511 3946 3706 4013 cepis-

2149 4039 2251 4093 set,
2277 4029 2551 4084 confessus
2577 4042 2658 4084 est
2681 4031 2816 4084 idem
2839 4030 3068 4084 Joannes
3090 4031 3279 4086 Jesum
3301 4033 3572 4086 Christum
3593 4048 3712 4089 esse

2150 4116 2337 4169 Filium
2391 4117 2522 4181 Dei,
2559 4131 2618 4170 se
2645 4126 2818 4171 autem
2853 4119 3070 4171 missum
3111 4127 3236 4172 ante
3266 4119 3452 4184 illum,
3484 4128 3592 4174 tota
3645 4122 3710 4176 il-

2150 4208 2256 4262 lum
2303 4207 2494 4261 mentis
2540 4207 2832 4262 intentione
2879 4208 3216 4276 desiderans,
3273 4211 3338 4264 ad
3384 4214 3707 4279 cperandum

2149 4297 2324 4351 divina
2355 4299 2406 4352 in
2435 4313 2594 4353 carne
2634 4314 2880 4368 surgere,
2930 4311 2981 4354 et
3021 4315 3078 4356 se
3119 4302 3493 4370 prmcursionis
3532 4303 3709 4359 oﬂicio

2149 4403 2384 4456 congruo
2413 4399 2649 4457 tempore
2675 4391 2968 4457 quiescere.

2073 4487 2126 4548 ο
2221 4475 2286 4531 Et
2312 4483 2529 4533 surrexit
2552 4478 2697 4542 Saul,
2728 4480 3149 4549 egressiquqsunt
3168 4481 3338 4546 ambo,
3370 4491 3478 4535 etc.
3509 4482 3579 4536 Et
3601 4498 3707 4536 ma-

2151 4567 2416 4623 nifestavit
2443 4567 2596 4624 Jesus
2625 4569 2842 4637 gloriam
2867 4581 3035 4631 suam,
3063 4578 3118 4620 et
3144 4569 3486 4624 crediderunt
3512 4572 3564 4625 in
3587 4587 3704 4627 eum

2148 4656 2539 4726 discipuliejus.
2562 4656 2872 4724 Egressique
2891 4655 3067 4721 ambo,
3087 4654 3198 4721 ipse
3221 4657 3467 4714 videlicet
3483 4669 3537 4714 et
3551 4660 3711 4716 Joan-

2150 4761 2275 4808 nes,
2321 4747 2386 4798 de
2431 4748 2631 4800 occulta
2684 4745 2873 4798 divinae
2918 4744 3202 4800 voluntatis
3241 4752 3706 4819 contemplatione,

2148 4834 2213 4888 ad
2240 4835 2560 4889 ostendenda
2611 4836 2750 4888 foras
2776 4849 2990 4903 operum
3020 4836 3276 4902 magnalia
3311 4852 3702 4904 processerunt.

2219 4922 2438 4992 Cumque
2464 4925 2818 4979 descenderent
2845 4925 2896 4976 in
2923 4935 3146 4976 extrema
3169 4935 3317 4990 parte
3340 4927 3581 4988 ciuitatis,
3613 4929 3704 4983 St-

2149 5014 2280 5064 muel
2310 5014 2435 5066 dixit
2465 5015 2532 5066 ad
2552 5015 2698 5079 Saul,
2723 5024 2826 5067 etc.
2849 5012 2978 5066 Cum
2999 5013 3195 5066 sedens
3228 5013 3504 5077 Dominus.
3536 5015 3708 5071 humi-

2150 5100 2296 5154 litate
2325 5117 2384 5156 ac
2411 5113 2713 5170 paupertate
2757 5117 2850 5169 pro
2886 5101 3037 5156 nobis
3065 5111 3373 5171 assumpta,
3403 5107 3707 5176 despectu

2150 5194 2595 5264 novissimumque
2639 5196 2870 5248 virorum
2895 5233 2910 5258 ,
2948 5202 3105 5260 atque
3151 5195 3290 5250 inter
3334 5199 3482 5254 cives
3523 5204 3706 5256 nudi

2147 5291 2441 5335 extremum
2466 5281 2782 5344 ostendens,
2812 5293 2934 5334 suos
2959 5294 3168 5349 quoque
3210 5297 3472 5355 sequam
3511 5303 3707 5358 paupe-

2149 5386 2235 5426 res
2261 5373 2448 5438 spiritu
2494 5385 2611 5425 esse
2636 5371 2886 5439 doceret,
2919 5387 3022 5424 non
3071 5364 3247 5429 tamen
3274 5376 3455 5430 statim
3501 5380 3702 5436 Inachi-

2150 5465 2394 5518 nantibus
2424 5464 2541 5518 licet
2579 5477 2719 5533 saepe
2749 5463 2954 5530 impiis.
2981 5475 3230 5520 occasum
3277 5469 3471 5521 mortis
3497 5472 3697 5538 subiit;

2150 5555 2243 5613 sed
2265 5556 2416 5623 juxta
2447 5556 2686 5610 vaticinia
2709 5556 3101 5624 prophetarum,
3129 5572 3360 5626 quorum
3387 5569 3442 5615 et
3470 5561 3698 5620 Joannes

2150 5649 2319 5714 portio
2345 5658 2443 5710 est,
2469 5646 2776 5701 antecedere
2815 5646 3212 5724 seoobedientes
3241 5649 3346 5706 sibi
3377 5651 3622 5718 famulos,
3649 5665 3698 5708 et

2150 5737 2215 5790 de
2246 5736 2381 5790 vitiis
2411 5735 2474 5789 ad
2506 5735 2722 5789 virtutes
2749 5776 2765 5800 ,
2795 5734 2858 5790 de
2883 5744 3056 5791 morte
3076 5736 3240 5811 jussit
3272 5725 3502 5798 transire
3524 5743 3592 5796 ad
3619 5742 3697 5796 ri-

3855 1104 3857 1212 ι
