3916 6260
283 418 382 509 ξω

803 422 866 478 IN
905 422 1273 480 SAMUELEM
1316 424 1718 480 PBOPHETAM
1760 400 2186 485 Αιιὲϐοιιιόει
2231 429 2604 486 EXPOSITIO.
2641 463 2712 475 —
2747 431 2874 487 LIB.
2917 433 2977 488 ll.

3387 433 3491 486 56:2

285 543 420 587 tam.
473 533 587 599 Ipse
615 542 789 588 autem
829 536 906 591 eis
950 537 1325 593 decedentibus
1367 540 1626 607 paulisper
1673 539 1842 594 subsi-
1868 544 1916 600 Α
1946 544 2163 610 gratiam
2212 544 2425 613 quidam
2477 544 2818 614 pinguissima
2862 546 3204 613 ptenitudiuis
3257 549 3490 600 remedia

283 622 383 674 stit
413 624 464 676 in
495 624 712 688 mundo,
742 625 913 680 donec
955 627 1237 686 iudicatum
1286 627 1524 683 fidelibus
1555 629 1663 683 suis
1691 630 1758 684 de
1784 644 1844 684 se

285 727 386 781 per
415 715 700 783 prophetas
729 718 946 771 verbum
979 718 1146 773 Patris
1170 721 1426 790 expleret.

365 802 406 869 (l
437 801 566 871 Reg.
595 802 674 871 ι.)
705 802 839 856 Tulit
868 815 1036 859 autem
1054 806 1262 861 Samuel
1282 806 1578 860 lenticulam
1600 809 1716 871 olei,
1741 816 1841 860 etc.

291 891 442 944 Tulit
461 891 695 946 Joannes
720 894 1106 962 praedicandam
1133 895 1362 964 Spiritus
1387 898 1555 950 sancti
1599 899 1840 967 gratiam,

285 991 349 1036 et
379 993 540 1035 totam
590 982 708 1051 ejus
751 985 1131 1050 plenitudinem
1181 988 1232 1038 in
1261 985 1473 1039 Christo
1514 987 1846 1054 requiescere

284 1082 515 1127 testatus
548 1083 648 1136 εει,
684 1073 866 1127 dicens
893 1093 904 1126 :
936 1074 1068 1140 Quia
1110 1075 1214 1128 vidi
1245 1075 1493 1144 Spiritum
1523 1075 1846 1128 descenden-

287 1173 390 1215 tem
428 1164 575 1231 quasi
621 1164 902 1238 columbam
953 1164 1016 1216 de
1058 1168 1202 1230 calo,
1235 1175 1282 1217 et
1323 1167 1502 1218 mansit
1549 1180 1699 1233 super
1733 1179 1845 1217 eum

283 1251 502 1322 (Matth.
552 1267 636 1317 tu;
681 1253 846 1306 Marc.
881 1254 941 1321 ι).
977 1253 1041 1306 Et
1072 1254 1208 1306 bene
1251 1254 1449 1320 eﬂ'udit,
1490 1255 1609 1324 quia
1656 1254 1842 1319 oleum,

288 1342 484 1411 inquit,
515 1342 729 1409 eﬂ‘usum
757 1359 938 1396 nomen
969 1354 1108 1396 tuum
1133 1341 1302 1410 (Cant.
1329 1347 1394 1412 ι).

366 1429 432 1482 Et
458 1431 776 1485 deosculatus
804 1441 877 1486 est
924 1434 1061 1498 eum,
1095 1444 1206 1487 tetc.
1243 1433 1309 1486 Et
1338 1435 1627 1503 prophetia:
1652 1436 1844 1503 figuras

285 1521 616 1590 evangelicae
644 1522 852 1576 veritati
883 1523 1107 1593 ﬁdeique
1131 1525 1315 1594 gratim
1347 1525 1474 1593 legis
1501 1526 1710 1579 decreta
1755 1525 1841 1578 diu

281 1613 607 1667 desiderata:
653 1615 800 1682 pacis
827 1615 1019 1668 unione
1051 1615 1291 1681 sociavit,
1321 1624 1375 1670 et
1397 1616 1469 1667 ait
1505 1632 1515 1666 :
1545 1615 1674 1668 Ecce
1703 1615 1843 1667 unxit

287 1716 340 1758 te
372 1705 528 1770 Deus,
573 1704 710 1759 Deus
739 1718 874 1771 tuus,
921 1705 1031 1760 oleo
1057 1707 1405 1760 exsultationis
1442 1721 1547 1775 pra:
1586 1706 1844 1775 participi-

280 1796 379 1846 bus
417 1797 536 1858 tuis,
568 1805 623 1847 ut
654 1794 880 1860 postules
907 1797 970 1848 ab
992 1811 1072 1858 eo,
1093 1806 1140 1848 et
1161 1798 1241 1847 det
1267 1795 1355 1847 tibi
1384 1806 1551 1864 gentes
1577 1794 1844 1847 heredita-

280 1895 381 1938 tem
407 1893 567 1949 tuam,
591 1893 638 1937 et
665 1884 1028 1952 possessionem
1053 1893 1191 1936 tuam
1221 1884 1456 1936 terminos
1492 1892 1638 1936 terra:
1663 1880 1834 1951 (Psal.
1873 1875 1914 1932 Β

282 1974 446 2040 xttv).

356 2067 479 2121 Cum
521 2065 702 2120 abieris
745 2067 896 2120 hodie
929 2084 962 2120 α
1007 2083 1104 2130 me,
1139 2068 1352 2120 invenies
1398 2068 1523 2119 duos
1547 2064 1697 2132 uiros,
1733 2071 1835 2119 etc.

281 2158 419 2211 Cum
452 2157 623 2210 abiret
649 2155 804 2210 Jesus
832 2159 1018 2224 plenus
1057 2157 1256 2224 Spiritu
1295 2167 1478 2212 sancto
1522 2159 1588 2212 de
1612 2156 1840 2212 Jordane

283 2249 356 2301 ah
374 2246 597 2310 Joanne,
630 2246 832 2301 invenit
854 2246 942 2300 diu
969 2246 1200 2314 perditos
1224 2247 1442 2316 perlidia
1472 2247 1710 2316 populos,
1744 2249 1835 2302 sed

283 2339 393 2405 jam
421 2347 542 2391 tunc
584 2337 684 2390 ﬁde
713 2345 765 2391 et
794 2339 1100 2406 operatione
1127 2337 1486 2392 conﬁrmatos.
1517 2337 1720 2392 Invenit
1747 2353 1839 2390 au—

281 2439 390 2482 tctn
422 2443 535 2492 eos,
576 2429 640 2481 ad
671 2430 856 2482 salutis
898 2431 1076 2495 utique
1119 2430 1254 2482 viam
1287 2430 1620 2495 revocando;
1655 2439 1709 2484 et
1739 2429 1837 2483 hoc

281 2529 529 2572 cessante
561 2519 811 2585 paulatim
856 2527 910 2572 et
939 2518 1100 2571 veluti
1146 2517 1397 2572 moritura
1428 2534 1490 2572 ac
1534 2519 1834 2588 sepelienda

280 2613 563 2682 Synagoga
592 2611 818 2664 carnalis
864 2610 1228 2672 observantia,
1253 2612 1319 2665 de
1357 2627 1456 2679 qua
1488 2613 1598 2679 ipse
1625 2626 1834 2665 carnem

279 2703 559 2779 suscipere
606 2700 852 2771 dignatus
899 2709 998 2756 est.
1054 2701 1252 2754 Rachel
1301 2703 1493 2769 quippe
1538 2700 1634 2755 fuit
1670 2712 1837 2755 mater

277 2793 580 2862 Beujamin,
609 2806 640 2847 e
693 2791 829 2846 tribu
862 2792 927 2846 de
955 2805 1058 2860 qua
1089 2791 1214 2846 Saul
1257 2792 1513 2860 originem
1551 2792 1718 2846 duxit.
1757 2794 1836 2844 ln-

277 2885 426 2940 veuit
454 2894 628 2938 autem
674 2896 806 2951 quos
833 2883 1063 2936 salvaret
1093 2883 1377 2947 Dominus;
1407 2893 1458 2936 et
1487 2882 1635 2951 quasi
1679 2881 1835 2936 meri-

277 2977 440 3030 diauo
465 2964 612 3029 no’vze
638 2973 955 3037 dilectionis,
987 2973 1041 3028 in
1070 2971 1276 3027 fervore
1297 2987 1359 3026 ac
1380 2973 1614 3026 scientiae
1639 2971 1834 3026 lumine

279 3065 519 3135 fulgente
547 3065 615 3119 de
635 3065 964 3129 cmlestibus,
988 3065 1040 3118 in
1073 3065 1263 3118 ﬁnibus
1287 3065 1468 3134 gratia:
1499 3077 1550 3120 et
1576 3064 1831 3132 veritatis,

281 3171 405 3224 quae
454 3157 519 3210 ad
568 3157 1020 3224 comparationem
1071 3155 1205 3225 legis
1255 3171 1346 3223 per
1397 3156 1630 3226 Moysem
1671 3156 1825 3218 datzc,

281 3248 437 3316 quasi
465 3247 678 3303 dextera
702 3257 783 3301 est
809 3247 873 3300 ad
897 3247 1185 3300 sinistram.
1219 3247 1368 3301 Unde
1398 3256 1539 3301 recte
1558 3245 1828 3314 Beujamin

278 3335 421 3388 (llius
467 3335 697 3388 dexterae
746 3334 1141 3403 interpretatur.
1206 3336 1304 3400 Qui
1363 3334 1610 3387 nimirum
1653 3331 1827 3404 populi

278 3428 556 3482 credentes
599 3427 793 3480 inventi
829 3423 1247 3478 misericorditer
1281 3438 1310 3476 a
1358 3423 1569 3478 Christo
1599 3423 1830 3479 confessi

278 3530 428 3584 sunt,
460 3521 574 3587 ejus
619 3518 890 3574 beneﬁciis
942 3517 1136 3585 gratias
1183 3516 1410 3585 agendo,
1455 3517 1594 3582 quod
1638 3517 1832 3570 anima:

278 3610 518 3674 ipsorum
549 3608 715 3660 in~tar
745 3608 1016 3660 brutorum
1051 3606 1357 3658 animaliqu
1383 3607 1648 3674 quondam
1680 3621 1834 3660 erro-

281 3698 645 3761 neze,_c(e!esti
669 3697 774 3764 jam
805 3696 909 3748 sint
937 3677 1100 3763 gratia
1133 3696 1442 3760 redemptae,
1477 3709 1566 3762 per
1590 3709 1709 3748 eum
1747 3697 1834 3762 qui

277 3788 408 3841 venit
427 3803 649 3856 quiante
668 3796 712 3839 et
728 3789 923 3839 salvum
946 3785 1107 3853 facere
1133 3786 1265 3852 quod
1286 3786 1502 3854 perierat
1520 3785 1669 3854 (Luc.
1695 3788 1829 3854 XIX).

279 3879 520 3931 Confessi
571 3885 694 3930 sunt
737 3877 897 3930 etiam
947 3876 1067 3930 ﬁdei
1114 3878 1388 3946 mysteria,
1417 3891 1532 3944 qua:
1573 3876 1829 3939 didicere,

280 3969 421 4037 quod
455 3959 784 4030 intermissa,
817 3966 918 4019 hoc
947 3976 1028 4019 est
1073 3965 1137 4019 ad
1187 3967 1368 4020 horam
1403 3967 1644 4034 dimissa,
1682 3969 1833 4022 Pater

277 4058 620 4126 omnipotens
662 4058 928 4110 fatuorum
959 4057 1276 4110 hebetudine
1304 4072 1331 4109 a
1373 4056 1602 4126 pigritia:
1635 4059 1835 4112 sollici-

280 4159 366 4201 tus
401 4148 557 4200 fuerit
585 4163 676 4214 pro
708 4147 839 4202 Filio
879 4163 998 4207 suo.
1045 4157 1098 4200 et
1129 4147 1464 4201 credentibus
1504 4148 1556 4199 in
1581 4163 1725 4212 eum,
1766 4164 1831 4201 ne

284 4237 422 4291 forte
456 4237 648 4292 turbati
676 4238 925 4303 passione
953 4235 1110 4296 illius,
1148 4252 1174 4288 a
1209 4237 1309 4289 fide
1331 4236 1706 4300 desciscerent,
1736 4238 1832 4290 do-

273 4340 378 4380 nec
416 4325 680 4390 completa
733 4322 992 4392 passionis
1038 4324 1274 4391 ejusdem
1306 4326 1725 4393 dispensatione,
1775 4337 1827 4380 et

275 4415 688 4470 resurrectionis
718 4416 882 4484 gloria
911 4414 1196 4475 celebrata,
1227 4416 1575 4481 opportunius
1619 4419 1700 4470 vel
1733 4417 1829 4471 Ju-

275 4507 514 4559 dteorum
545 4506 628 4558 vel
656 4507 888 4573 gentium
914 4503 1233 4570 immundas,
1273 4519 1389 4571 qua:
1418 4504 1481 4557 ad
1516 4513 1723 4574 tempus
1747 4508 1824 4559 in-

281 4606 350 4646 ter
368 4591 604 4658 miserat,
628 4593 834 4646 animas
855 4608 1094 4660 quaerere
1115 4602 1167 4645 et
1183 4592 1372 4646 Salvari
1405 4593 1737 4659 przrciperet;
1767 4605 1824 4647 ut

277 4697 396 4749 quae
422 4697 485 4736 ex
516 4691 664 4750 parte
689 4683 798 4750 jam
829 4685 1040 4737 fuerant
1067 4685 1312 4749 iuventte,
1357 4685 1584 4751 perfecte
1618 4685 1824 4737 Domini

271 4774 355 4828 sui
382 4784 830 4839 congregarentur
853 4774 914 4826 ad
938 4789 1195 4842 praesepe.

347 4861 567 4928 Cumque
605 4861 784 4914 abieris
809 4862 948 4924 inde,
979 4872 1025 4914 et
1070 4865 1203 4914 ultra
1244 4865 1520 4927 transieris,
1558 4878 1659 4917 etc.
1692 4865 1824 4918 Cre-

275 4963 459 5005 scente
489 4967 643 5005 cursu
676 4967 782 5003 sum
826 4952 1080 5004 doctrinae
1110 4953 1351 5005 Salvator
1392 4955 1626 5020 pervenit
1663 4971 1828 5022 usque

278 5041 346 5094 ad
387 5041 754 5096 insinuandum
786 5041 1055 5106 discipulis
1101 5056 1209 5095 sum
1251 5043 1510 5109 passionis
1553 5059 1825 5109 arcanum,

274 5128 416 5195 quod
463 5129 658 5181 mundo
700 5142 842 5184 esset
886 5131 1107 5182 excelsa:
1140 5130 1270 5182 lucis
1315 5133 1450 5183 dona
1502 5132 1826 5185 redditurus.

277 5220 490 5274 'lhabor
513 5221 729 5289 quippe.
754 5222 846 5290 qui
869 5234 947 5275 est
973 5237 1121 5276 mons
1151 5222 1457 5282 altissimus.
1489 5232 1542 5276 et
1572 5225 1824 5292 interpre~

275 5323 414 5366 tatur
442 5313 656 5364 veniens
683 5312 855 5367 lumen
879 5334 892 5375 ;
919 5326 972 5368 et
999 5314 1210 5368 nomine
1238 5324 1286 5368 et
1327 5314 1431 5367 situ
1457 5333 1470 5360 ι
1488 5315 1673 5370 iviﬁcm
1702 5334 1825 5370 cru-

274 5402 351 5452 ris
406 5399 671 5466 mysteriis
703 5402 920 5467 arridet,
953 5404 1103 5471 cujus
1147 5412 1474 5456 sacramenta
1509 5405 1823 5469 pandentem

282 5489 559 5542 Dominum
584 5487 912 5555 qua'sierunt
944 5493 1271 5560 suppliciter,
1299 5500 1349 5543 et
1381 5493 1690 5545 invenerunt
1721 5495 1825 5546 for-

277 5584 359 5633 t'rs
404 5580 599 5647 quique
627 5589 824 5629 sancta:
851 5578 1124 5636 Trinitatis
1152 5581 1484 5636 confessores
1533 5582 1825 5636 ascenden-

277 5684 357 5723 tes
385 5673 483 5737 piis
508 5669 829 5735 profectibus
851 5671 911 5719 ad
941 5669 1103 5724 Deum
1135 5675 1183 5724 in
1220 5673 1466 5732 Ecclesia,
1491 5688 1604 5738 qua:
1627 5683 1704 5724 est
1732 5672 1824 5725 Be—

275 5760 406 5824 thcl,
443 5760 492 5813 id
536 5760 832 5812 estdomus
868 5757 992 5823 Dei;
1042 5762 1126 5826 qui
1180 5762 1465 5816 secundum
1508 5761 1677 5812 datam
1723 5761 1821 5813 Sibi

1948 647 2044 700 pro
2070 635 2408 701 cogitatione,
2443 635 2724 697 locutione,
2761 643 2815 688 et
2843 635 3148 702 operatione
3174 633 3448 688 olferenda
3479 651 3490 694 ;

1946 719 2030 772 alii
2060 722 2423 776 conlirmantia
2460 735 2556 776 'cor
2590 723 2817 776 hominis
2844 723 3134 791 Scriptura:
3177 733 3372 778 sancta:
3418 724 3491 778 ci-

1949 811 2112 875 baria,
2141 829 2256 877 quae
2299 814 2487 882 triplici
2531 815 2730 868 ratione
2757 827 2977 877 conStat,
3007 814 3186 869 divino
3234 816 3333 869 sibi
3368 832 3490 868 ntu-

1948 916 2073 955 nere
2100 904 2384 955 revelanda
2409 919 2423 968 ;
2453 904 2538 956 alit
2574 903 2960 958 fierventissima
2989 905 3373 972 compunctivae
3401 905 3488 959 di-

1948 993 2180 1046 lectionis
2220 996 2404 1062 pncula
2435 995 2485 1047 in
2518 995 2656 1048 vasis
2697 996 2932 1049 cordium
2983 994 3224 1048 fictilibus
3266 995 3373 1050 Deo
3405 995 3488 1048 di-

1945 1083 2111 1136 canda
2153 1082 2411 1136 ferebant.
2444 1083 2543 1149 Qui
2584 1099 2702 1139 cum
2753 1085 2802 1137 iu
2851 1086 2962 1139 suis
3005 1086 3194 1154 singuli
3239 1085 3488 1154 gradibus

1945 1159 2209 1225 Christum
2238 1173 2565 1228 Salvatorem
2596 1183 2961 1243 agnoscerent,
2996 1175 3214 1244 ejusque
3240 1176 3484 1229 incarna-

1946 1261 2139 1312 tionem
2169 1260 2234 1314 ad
2264 1259 2442 1314 mundi
2470 1268 2712 1334 optarent
2735 1263 3013 1329 provenire
3051 1257 3294 1327 salutem,
3324 1263 3486 1318 dede.

1946 1360 2066 1403 runt
2093 1352 2139 1403 ei
2168 1351 2428 1419 geminam
2458 1352 2844 1422 Scripturarum
2883 1355 3360 1422 interpretationem
3387 1373 3400 1420 ;
3435 1365 3488 1410 ut

1945 1448 2062 1505 post
2089 1441 2309 1506 primam
2341 1441 2582 1494 videlicet
2610 1441 2844 1495 historiae
2870 1443 3176 1508 lectionem,
3208 1460 3324 1513 qua:
3368 1459 3488 1499 ante

1947 1529 2062 1595 ejus
2093 1523 2505 1584 incarnationem
2539 1545 2631 1597 per
2661 1530 2826 1600 legem
2859 1530 3118 1600 completa
3150 1542 3250 1597 est,
3277 1534 3388 1602 ipse
3413 1514 3486 1587 al;

1943 1618 2226 1687 legoricum
2258 1634 2462 1690 quoque
2506 1631 2560 1675 et
2611 1613 2950 1693 anagogicuiu
3002 1637 3240 1688 sensum,
3284 1625 3371 1692 qui
3401 1626 3484 1679 vel

1945 1710 2218 1778 praesentis
2257 1712 2438 1779 gratiae
2491 1713 2718 1774 veritati,
2753 1714 2830 1766 vel
2881 1713 3064 1766 futui-te
3096 1716 3214 1768 vitae
3259 1716 3484 1768 beatitu-

1942 1799 2050 1854 dini
2082 1810 2413 1869 coogrueret,
2444 1811 2562 1854 actu
2589 1814 2846 1871 su~cept:e
2878 1784 3282 1872 dispensationis
3312 1808 3484 1874 aperi-

1944 1900 2042 1944 ret.
2073 1891 2214 1958 Quos
2245 1891 2492 1944 nimirum
2522 1906 2732 1960 quoque
2771 1907 2930 1960 panes
2978 1893 3042 1947 de
3071 1909 3227 1946 manu
3260 1894 3486 1949 offeren-

1943 1981 2068 2038 tium
2094 1983 2316 2049 accepit,
2347 1983 2555 2050 quando
2581 1981 2852 2050 discipulis
2880 1985 3087 2052 dignam
3118 1987 3477 2052 operationem

1945 2087 2038 2138 pro
2073 2073 2271 2125 meritis
2302 2073 2508 2139 aperuit
2561 2087 2796 2137 sensum,
2849 2083 2903 2127 ut
2951 2074 3304 2145 intelligerent
3331 2075 3478 2131 Scri-

1943 2171 2141 2227 pturas.
2194 2162 2313 2227 Cui,
2364 2163 2414 2216 ni
2464 2162 2639 2227 fallor,
2688 2165 2840 2218 trium
2875 2165 3066 2232 panum
3114 2166 3482 2235 interpretatio

1945 2253 2292 2323 pulcherrima
2332 2254 2532 2330 ratione
2561 2255 2820 2319 concinit;
2852 2254 2988 2330 quod
3021 2267 3073 2309 et
3111 2258 3159 2309 in
3195 2256 3480 2326 Evangelio

1943 2345 2132 2410 petitor
2156 2343 2446 2413 improbus,
2500 2328 2726 2398 instante
2776 2328 2965 2411 inopiae
3007 2345 3341 2410 necessitate,
3373 2354 3481 2398 tres

1940 2447 2090 2498 aeque
2141 2447 2302 2501 panes
2355 2434 2421 2486 ab
2474 2436 2645 2488 aulico
2701 2433 2842 2488 fideli
2888 2433 3114 2502 quaerit,
3171 2441 3225 2488 et
3274 2435 3479 2501 accepit

1942 2522 2089 2594 (Luc.
2125 2523 2221 2590 si).
2254 2522 2319 2576 Et
2364 2523 2414 2577 in
2461 2521 2715 2586 Levitico,
2745 2523 2998 2576 oll'erendi
3051 2523 3116 2575 ad
3151 2521 3479 2576 sacriﬁcium

1942 2628 2103 2682 panes
2148 2613 2374 2667 trimodo
2393 2613 2646 2683 jnbeutur
2673 2625 2906 2666 cocturte
2945 2626 3138 2681 genere
3170 2614 3473 2680 praeparari,

1940 2705 1989 2756 in
2025 2705 2235 2758 clibano
2279 2705 2540 2770 videlicet,
2596 2708 2648 2758 iu
2699 2705 2983 2772 sartagine,
3038 2712 3092 2757 et
3138 2703 3188 2755 in
3232 2702 3481 2758 craticula

1939 2794 2117 2864 (Leuit.
2149 2794 2229 2864 ιι).
2259 2794 2312 2848 In
2355 2797 2603 2851 craticula
2649 2809 2874 2864 namque
2909 2795 3093 2848 assatis
3123 2796 3340 2863 panibus
3377 2795 3480 2848 ali-

1937 2901 2073 2948 mur,
2101 2900 2218 2939 cum
2256 2900 2317 2938 ea
2347 2886 2628 2954 quaijuxta
2663 2887 2882 2938 litteram
2915 2893 3112 2952 aperte,
3151 2896 3204 2940 et
3233 2885 3346 2939 sine
3382 2886 3479 2939 ali-

1935 2991 2034 3046 qua
2082 2976 2377 3031 obiectione
2422 2976 2560 3031 dicta
2611 2978 2691 3032 vel
2737 2987 2852 3031 acta
2899 2987 3038 3043 sunt,
3093 2976 3156 3030 ad
3208 2977 3474 3031 tutandam

1934 3069 2090 3121 animi
2113 3068 2331 3120 salutem
2359 3067 2692 3134 percipimus.
2721 3067 2772 3119 ln
2805 3066 3068 3135 sartagine
3103 3075 3276 3119 autem
3303 3065 3472 3130 frisis,

1934 3158 2141 3226 quando
2168 3159 2352 3210 littera:
2392 3157 2722 3224 superﬁciem
2767 3169 2908 3223 saepe
2935 3155 3192 3209 versando
3218 3169 3279 3208 ac
3318 3163 3479 3209 retra-

1937 3249 2147 3312 ctando,
2177 3248 2301 3318 quid
2333 3249 2384 3301 in
2419 3247 2731 3329 h'aclhristi
2761 3245 3040 3316 mysteriis,
3072 3245 3195 3314 quid
3227 3244 3480 3299 Ecclesia:

1936 3337 2207 3390 catholica:
2248 3337 2425 3399 statui,
2467 3336 2589 3405 quid
2619 3334 2934 3403 castigandis
2964 3334 3288 3402 singulorum
3320 3334 3479 3385 mori-

1937 3425 2034 3480 bus
2058 3424 2335 3493 allegorice
2364 3433 2614 3491 congruat
2645 3423 2969 3491 inspicimus.
2999 3421 3158 3475 Porro
3189 3424 3238 3475 in
3268 3421 3475 3475 clibano

1939 3530 2123 3585 panem
2156 3515 2299 3569 verbi
2327 3516 2632 3584 quaerimus,
2680 3515 2887 3584 quando
2927 3514 3084 3567 etiam
3115 3528 3175 3567 ea
3204 3529 3320 3582 quae
3351 3529 3478 3566 nou-

1935 3608 2058 3658 dum
2085 3605 2262 3659 videre
2286 3618 2580 3672 possumus,
2627 3605 2716 3657 sed
2757 3605 2808 3657 in
2841 3603 3017 3656 futuro
3049 3602 3265 3655 vivenda
3305 3617 3474 3670 spera-

1935 3710 2071 3758 mus,
2105 3695 2156 3746 in
2202 3695 2474 3761 Scriptura
2505 3695 2809 3760 anagngica,
2863 3693 2911 3744 id
2954 3701 3034 3746 est
3074 3707 3281 3745 sursum
3311 3693 3475 3745 latura

1935 3785 2126 3836 mentis
2149 3783 2440 3859 intentione
2468 3781 2884 3848 complectimur.

2007 3874 2130 3928 Post
2176 3875 2278 3926 lucc
2309 3875 2473 3928 venies
2519 3875 2570 3926 in
2617 3875 2799 3927 collem
2836 3872 3060 3938 Domini,
3095 3874 3175 3925 ubi
3226 3883 3299 3924 est
3328 3873 3476 3923 statio

1939 3966 2384 4032 Philisthinorum,
2410 3979 2511 4020 etc.
2543 3965 2740 4017 Colletn
2773 3963 2976 4017 Domini
3021 3965 3254 4018 Gabatha
3282 3963 3468 4015 civita—

1935 4070 2061 4117 tem.
2085 4071 2202 4123 quze
2230 4046 2601 4124 interpretatur
2622 4055 2789 4117 collis,
2817 4055 3066 4122 intelligo.
3097 4054 3320 4107 Veniens
3346 4069 3474 4122 ergo

1936 4145 2186 4218 Demittus
2217 4160 2381 4211 uSqne
2430 4147 2492 4197 ad
2541 4144 2902 4198 celsitudinem
2933 4145 3124 4196 divit-te
3156 4158 3264 4196 sua:
3313 4144 3472 4210 maje-

1899 4246 1901 4248 ’
1933 4238 2082 4292 statis
2112 4235 2474 4304 exponendam
2522 4233 2849 4294 mortalibus,
2884 4249 3038 4300 quam
3086 4235 3184 4286 sibi
3215 4232 3471 4286 immundi

1933 4329 2146 4397 spiritus
2179 4327 2467 4395 procaciter
2490 4327 2829 4392 usurpabant,
2855 4335 3153 4378 consortem
3177 4323 3470 4392 adjutoretn

1934 4429 1987 4472 et
2031 4427 2217 4472 testem
2266 4432 2376 4470 sua:
2426 4414 2812 4482 praedicationis
2846 4429 3052 4484 gregem
3101 4409 3470 4482 prophetarum

1936 4509 2131 4575 accepit
2159 4509 2344 4576 ;juxta
2375 4507 2510 4572 quod
2552 4515 2603 4558 et
2634 4507 2767 4572 ipse,
2799 4519 2901 4558 uno
2932 4520 2993 4558 ex
3024 4505 3100 4557 eis
3135 4505 3284 4556 Esaia
3317 4505 3473 4568 lecto,

1933 4599 2204 4666 perdocuit
2234 4596 2380 4664 (Luc.
2411 4597 2516 4663 tv);
2568 4595 2655 4662 qui
2705 4595 2946 4646 nimirum
2981 4594 3247 4662 prophetae
3277 4596 3379 4647 vita
3421 4606 3475 4648 et

1931 4689 2094 4740 verbo
2121 4687 2267 4754 quasi
2289 4698 2486 4752 organo
2513 4685 2651 4752 quod
2683 4685 2979 4753 tangebam,
3011 4696 3061 4738 et
3087 4685 3318 4738 carmine
3338 4685 3474 4751 quod

1929 4775 2194 4834 dicebant,
2248 4774 2488 4835 consoni,
2541 4774 2607 4826 de
2653 4775 2854 4827 occulta
2913 4788 3132 4826 summm
3180 4773 3358 4843 gloria:
3411 4775 3474 4828 ad

1929 4862 2228 4914 communia
2275 4861 2621 4914 humantatis
2676 4861 2878 4914 infirma
2919 4859 3159 4912 solebant
3210 4861 3475 4928 operando

1933 4954 2126 5020 pariter
2152 4961 2204 5004 et
2232 4936 2492 5018 loquendo
2520 4952 2713 5004 redire.
2755 4951 2820 5002 Et
2849 4949 3066 5020 pulchre
3096 4965 3222 5018 grex
3253 4952 3473 5019 prephe-

1928 5051 2094 5094 tarum
2142 5043 2207 5093 de
2255 5042 2468 5094 excelso
2511 5040 2850 5094 descendens
2903 5049 2953 5093 et
2985 5041 3323 5108 prophetans,
3368 5055 3470 5094 non

1929 5139 2044 5197 post
2067 5144 2124 5182 se
2155 5143 2342 5197 genera
2371 5131 2714 5192 musicorum,
2747 5130 2837 5180 sed
2870 5140 2992 5181 ante
3023 5144 3076 5180 se
3109 5129 3354 5182 habuisse
3381 5129 3470 5183 de-

1925 5218 2188 5272 scribitur.
2243 5217 2333 5271 llle
2367 5220 2507 5270 enim
2541 5219 2724 5270 doctor
2757 5233 2882 5270 vere
2931 5218 2979 5266 in
3030 5216 3242 5270 excelso
3287 5217 3471 5272 divina!

1924 5309 2378 5375 Contemplatimtis
2414 5323 2471 5360 se
2515 5308 2672 5360 fuisse
2721 5307 3129 5373 demenstratur,
3162 5309 3249 5374 qui
3280 5311 3343 5360 ad
3392 5309 3471 5361 lo-

1929 5401 2189 5465 qneueluui
2221 5398 2506 5449 humilibus
2526 5396 2853 5463 inﬁrmisque
2873 5397 3315 5462 condescendens,
3337 5414 3466 5452 cun-

1928 5505 2008 5545 cta
2059 5506 2176 5558 quae
2230 5491 2467 5542 dicturus
2516 5499 2597 5542 est
2654 5489 3015 5564 prmdicando,
3071 5503 3296 5541 consona
3356 5495 3467 5543 voci

1930 5598 2084 5633 manu
2117 5589 2481 5647 pru'tttunslrat
2511 5579 2797 5647 operando,
2850 5581 3109 5644 quomodo
3156 5581 3222 5633 de
3252 5581 3471 5637 Domino

1928 5675 2175 5739 scriptum
2209 5680 2287 5724 c~t
2319 5688 2328 5720 :
2359 5672 2480 5734 Qute
2520 5671 2664 5736 ca'pit
2696 5668 2842 5721 Iesus
2874 5672 3035 5738 facere
3063 5680 3107 5723 et
3139 5671 3312 5724 docere
3336 5675 3464 5741 (Act.

1930 5766 1988 5831 t).
2023 5761 2428 5815 UCCUI'ICItllbUS
2459 5773 2582 5826 ergo
2621 5759 2718 5811 sibi
2753 5760 3042 5825 pr0pltctis,
3090 5764 3209 5814 Saul
3258 5773 3467 5822 arcente
